3966 4920
647 412 734 503 ηε
919 401 1303 478 nxcnnsus
1344 404 1397 479 rv

666 587 763 660 duit,
787 611 851 652 cunr
877 590 1040 669 insigniores
1066 590 1139 655 inter
1165 593 1308 657 Romaene
1331 596 1475 674 scriptores
1494 599 1609 663 Carmen

666 677 858 759 Sempronium
869 697 898 740 et
908 681 976 740 aliur
987 681 1144 743 Romanam
1154 682 1294 762 originem
1308 685 1344 751 ad
1358 687 1470 751 Grecos
1483 691 1576 753 referre
1588 691 1609 748 vi

665 765 757 838 dotet,
769 786 800 831 ut
811 771 980 848 Aborigines
990 770 1079 828 nullos
1088 769 1156 828 elion
1168 772 1320 849 aborigine
1331 795 1415 852 quarn
1427 776 1547 856 Pelasgos
1556 780 1609 843 snisl

664 861 856 928 arbitraretur,
870 859 945 939 quod
959 859 1106 919 Cluverius
1125 875 1154 917 et
1169 863 1294 940 plerique
1308 886 1323 921 e
1336 866 1434 927 nuslriu
1447 868 1546 947 sequuti
1561 870 1609 933 sunt

663 950 772 1011 Verum
784 952 933 1028 Dionysus
949 969 1008 1007 rem
1019 948 1076 1027 ipse
1090 949 1130 1007 ita
1143 949 1242 1015 tradit,
1265 968 1307 1020 ut,
1329 959 1393 1033 quid
1410 976 1446 1017 ert
1457 957 1501 1025 iis,
1512 962 1609 1037 quaeal

663 1054 875 1107 narrataerant,
892 1039 928 1098 ad
946 1040 1137 1098 Romanorum
1153 1040 1297 1114 opiniones
1316 1047 1495 1124 comparatis,
1503 1053 1609 1128 sequane

663 1149 732 1197 non,
745 1130 813 1209 quid
823 1149 920 1189 verum
935 1144 963 1187 et
976 1129 1152 1206 exploratum
1167 1130 1210 1195 fit,
1227 1151 1366 1211 exponere
1376 1135 1468 1199 videri
1477 1139 1549 1197 velit,

704 1223 883 1302 Pelasgorum
894 1235 950 1281 tres
957 1219 1123 1299 potissimum
1133 1220 1210 1280 fuisse
1219 1222 1249 1281 in
1260 1224 1506 1289 Italiamdedustns
1516 1230 1609 1291 coloni:

662 1327 777 1373 narrent
790 1315 878 1393 vulgo
887 1310 945 1370 fere
953 1331 1068 1380 omner3
1087 1331 1171 1370 ruram
1180 1313 1216 1371 ab
1227 1312 1347 1374 OEnotru
1359 1337 1394 1375 ex
1409 1319 1535 1384 Arcadia,
1546 1320 1609 1378 XVI

661 1402 789 1464 antibus
802 1419 868 1463 ante
885 1402 989 1462 bellum
1003 1401 1174 1477 Trojanum,
1195 1402 1310 1463 alteram
1329 1406 1505 1477 eTlressalia,
1525 1409 1609 1466 Deucr

660 1489 753 1551 lionen
772 1511 845 1559 aevo,
868 1503 899 1550 et
915 1487 1027 1549 tertiam
1045 1489 1082 1546 ab
1102 1488 1240 1558 ,Evandro
1263 1490 1316 1549 LX
1337 1494 1414 1555 aunis
1439 1495 1609 1570 anteb.Tro

662 1582 873 1661 Antiquiffimur
895 1579 943 1641 illc
962 1578 1075 1638 OEnotri
1088 1592 1117 1636 et
1132 1579 1258 1641 Peucetii
1271 1582 1307 1640 ad
1320 1582 1431 1645 Italiam
1444 1587 1556 1647 accessus
1569 1584 1609 1645 lat

637 1707 640 1719 ,
662 1669 763 1731 diserte
778 1692 800 1747 a¹
810 1669 944 1747 Dionyso
953 1666 1102 1747 exponitur
1113 1667 1165 1727 lib.
1179 1670 1206 1735 I,
1216 1690 1242 1728 c.
1261 1689 1292 1729 11
1310 1672 1368 1751 sqq.
1409 1675 1455 1737 De
1475 1672 1585 1735 Peucetio
1604 1694 1609 1715 r

660 1759 713 1821 inf.
736 1753 853 1821 Excurs.
875 1759 953 1817 VIII
973 1756 1008 1814 ad
1025 1776 1055 1814 v.
1080 1760 1149 1833 691.
1201 1757 1484 1821 Consedisseuieitur
1507 1762 1609 1822 OEnotrr

662 1871 727 1913 cunr
741 1849 834 1910 suisio
845 1844 1059 1908 smuLametino
1071 1844 1211 1904 inferioris
1222 1847 1320 1916 Itane,
1340 1870 1394 1927 qua
1408 1851 1574 1913 Bruttiorum
1588 1854 1609 1915 al

660 1938 773 2014 quando
786 1956 856 2016 ager
874 1934 990 2015 patuit3
1010 1947 1039 1992 et
1056 1932 1177 2010 primum
1197 1935 1311 2011 quidem
1324 1936 1399 1998 intra
1418 1940 1596 2002 Lametinum

660 2027 843 2105 Scylleticum
852 2026 898 2084 seu
911 2025 1076 2103 Scylaceum
1086 2023 1172 2083 finum
1180 2022 1206 2083 se
1215 2024 1422 2094 continuerunt,
1432 2029 1495 2088 hinc
1506 2030 1542 2089 ad
1551 2029 1609 2093 Lau

658 2117 744 2195 usque
763 2118 792 2176 sl.
813 2129 842 2174 et
864 2115 1075 2192 Metapontum,
1100 2113 1210 2175 tandem
1229 2115 1265 2173 ad
1289 2115 1408 2177 Silarum
1429 2133 1458 2178 et
1479 2119 1609 2181 Bradann

660 2209 728 2281 finer
738 2207 843 2268 sedium
856 2205 1059 2274 extenderunte
1078 2223 1144 2265 mox
1157 2221 1186 2263 et
1200 2205 1271 2266 ultre
1280 2226 1328 2267 eos
1341 2207 1413 2287 ipson
1424 2210 1490 2269 fines
1507 2230 1607 2289 pregre

658 2299 741 2369 sunt;
762 2298 804 2359 nti
817 2301 904 2358 altera
916 2311 996 2374 parte
1008 2315 1107 2376 agrum
1121 2295 1297 2364 obsederunt,
1320 2300 1370 2378 qui
1389 2300 1560 2363 Bruttiorum
1574 2323 1609 2361 mr

658 2390 750 2463 nnus
762 2391 811 2449 esi.
851 2387 900 2446 Cf.
914 2406 976 2465 quae
986 2404 1022 2443 ex
1039 2384 1181 2445 Antiocho
1199 2382 1325 2463 Syra-cus.
1341 2405 1457 2449 narrant
1469 2391 1570 2455 Strabo
1584 2390 1609 2447 V

658 2500 688 2558 p.
705 2499 772 2561 254.
794 2497 848 2557 255
864 2490 894 2534 et
909 2475 966 2552 264
985 2474 1008 2532 f.
1034 2473 1152 2549 Dionys.
1174 2474 1200 2540 Ι,
1221 2495 1269 2554 35,
1283 2478 1322 2543 ,ΙΙ
1344 2499 1399 2558 pr,
1417 2479 1533 2541 Aristot.
1558 2480 1609 2541 Pol

616 2572 619 2579 ’
657 2569 733 2640 Vll,
747 2589 792 2638 re,
812 2567 861 2626 ubi
876 2580 908 2627 et
927 2566 1024 2623 Chanes
1043 2584 1080 2623 ex
1102 2562 1240 2637 OEnotriis
1253 2567 1330 2627 fuisse
1348 2584 1517 2641 narranture
1551 2571 1609 2631 Nar

657 2660 735 2740 quod
746 2660 898 2720 etiamnum
908 2676 959 2736 per
979 2655 1119 2715 Americae
1137 2653 1297 2719 solitudines
1315 2659 1427 2719 evenire
1446 2661 1587 2728 videmus,
1607 2690 1609 2713 ι

656 2749 801 2813 communi
821 2748 902 2827 stirpe
915 2744 1041 2808 orqudae
1060 2743 1158 2809 tribur,
1182 2746 1251 2805 locis
1264 2766 1297 2806 ac
1312 2749 1421 2810 sedibus
1433 2751 1541 2819 differre,
1565 2773 1609 2811 nor

656 2839 770 2903 nomine
783 2836 919 2897 celebrari
928 2836 1024 2896 solent.
1065 2836 1167 2896 Versus
1181 2837 1332 2916 Iapygiam
1342 2855 1370 2898 et
1380 2840 1416 2899 ad
1429 2827 1609 2903 Ionium'Ma

655 2927 788 2991 habitasse
802 2926 916 2985 eborae
935 2927 978 2987 rin
990 2928 1126 2996 nonenim
1142 2928 1205 3004 Σίςιν
1229 2927 1344 2988 Aristot.
1367 2930 1408 2989 ait
1427 2932 1446 2989 1.
1469 2951 1497 2989 c.
1528 2932 1568 2992 cs.
1584 2932 1609 2991 sn

655 3018 729 3081 Exc.
754 3017 826 3078 XXI
850 3014 885 3073 ad
908 3014 959 3074 lib.
984 3016 1009 3076 Ι.
1059 3015 1139 3077 Male
1162 3035 1199 3074 ex
1217 3033 1351 3097 corrupto
1372 3019 1511 3098 Stephani
1530 3021 1597 3081 loco

653 3113 762 3187 ngr'rers
775 3105 897 3168 Bruttios
911 3104 1014 3182 primos
1024 3118 1053 3163 et
1066 3119 1130 3167 ante
1139 3105 1283 3165 OEnotrios
1293 3107 1399 3168 incolas
1411 3110 1561 3171 venditant
1575 3133 1609 3175 nu

654 3198 736 3272 nulli,
754 3211 786 3257 ut
798 3214 887 3274 nuper
900 3192 1042 3261 Grimaldi,
1058 3194 1102 3253 vir
1115 3211 1216 3256 caetera
1225 3186 1310 3275 sagax
1334 3198 1377 3276 (in
1390 3199 1491 3259 Annali
1500 3200 1546 3258 del
1556 3203 1609 3281 Reg

654 3291 685 3347 dr·
696 3286 794 3365 Naprlr'
812 3287 851 3345 T.
863 3286 891 3353 1,
903 3305 934 3364 p.
952 3302 1016 3362 ¹3¹·
1033 3289 1086 3358 ¹33
1100 3283 1172 3361 ΙΨ).
1213 3284 1333 3363 Proprie
1352 3288 1464 3347 nomine
1478 3290 1609 3351 OEnotrie

655 3376 808 3456 appellavit
826 3375 890 3434 loca
908 3373 985 3440 circa
1004 3372 1130 3434 AEsarum
1151 3387 1181 3431 et
1206 3372 1364 3443 Crinisum,
1388 3397 1450 3457 quae
1470 3377 1609 3441 Philocles

633 3454 637 3473 ‘
653 3463 905 3533 ediiffedisius'est,
926 3462 1096 3544 Lycophron
1110 3483 1137 3522 v.
1152 3479 1186 3540 91
1196 3481 1219 3522 ι.
1235 3482 1305 3542 912.
1520 3462 1525 3475 '

693 3552 816 3632 Quando
841 3564 871 3609 et
893 3550 1034 3628 quomodo
1060 3550 1171 3630 Pelasgi
1193 3571 1229 3611 ex
1249 3552 1293 3612 hle
1315 3550 1385 3615 locis
1403 3552 1440 3611 nd
1463 3552 1609 3635 Aborigir

651 3645 716 3709 illue
734 3643 763 3704 in
775 3640 894 3703 Umbris
915 3639 1034 3703 finitima
1056 3660 1172 3718 quaque
1196 3641 1353 3707 infestanter
1373 3643 1573 3725 pervenerim,
1596 3667 1609 3704 r

652 3734 711 3815 ipse
724 3731 874 3810 Dionysus
887 3730 982 3803 habet,
995 3730 1071 3807 quod
1083 3731 1193 3798 afferat,
1216 3750 1269 3798 nec
1283 3752 1328 3797 res
1337 3752 1389 3810 per
1406 3731 1433 3797 se
1443 3732 1513 3795 satis
1530 3734 1562 3795 fit
1583 3755 1609 3811 pr

653 3821 764 3883 babilis.
802 3812 955 3898 Qomodo
971 3818 1047 3877 enim
1067 3818 1102 3876 ad
1118 3820 1250 3885 ulteriora,
1263 3822 1404 3906 progressa
1422 3821 1533 3903 exigua
1556 3825 1609 3884 Pel

652 3932 755 3995 porum
768 3910 850 3970 turba
861 3929 915 3988 per
923 3922 964 3968 tot
973 3907 1105 3966 barbaros
1110 3911 1231 3991 popu¹os
1242 3909 1277 3975 ad
1291 3911 1412 3975 mediam
1425 3911 1514 3991 usque
1529 3914 1609 3974 ltalir

652 3999 799 4092 penetrare
807 4000 954 4080 potuisset?
994 3998 1103 4057 Verum
1112 4019 1149 4059 ex
1162 4013 1222 4057 tota
1232 3999 1362 4078 Dionysii
1371 4000 1570 4081 disputatione
1582 4003 1600 4062 s
1597 4025 1609 4065 a

652 4104 782 4169 apparet,
795 4091 845 4148 hos
865 4087 1010 4146 OEnotrios
1024 4107 1089 4147 cnm
1099 4088 1315 4168 Aboriginibus.
1334 4111 1371 4150 ex
1384 4091 1473 4155 sumta
1485 4093 1541 4154 illa
1551 4094 1609 4169 opi:

652 4200 706 4250 nne
718 4178 764 4243 seu
774 4178 928 4265 hypothesi,
948 4177 1085 4242 aGraetis
1097 4177 1289 4248 Romanorum
1305 4178 1418 4268 [llrpem
1439 4182 1496 4243 esse
1512 4196 1609 4263 repeti

1568 4268 1609 4337 da
