3966 4920
679 396 750 467 144
890 362 1310 450 arteriasue
1350 367 1404 449 iv
1475 458 1481 477 Ι

675 578 766 646 edent,
785 577 820 636 ad
833 577 947 637 Graecos
959 577 1071 647 referre,
1083 597 1117 637 ex
1131 576 1241 638 Graecia
1250 577 1382 648 moribus,
1394 578 1523 648 institutis,
1542 590 1566 638 et
1576 594 1599 654 o]

674 667 802 725 trionibus
815 668 954 749 illustrare,
972 680 1001 723 et
1009 685 1052 732 ea,
1073 687 1161 744 quaea
1175 665 1281 724 Graecie
1293 667 1481 745 discreparent,
1498 668 1529 725 ad
1547 685 1599 725 eoru

674 755 756 813 rerba
765 770 792 814 et
805 775 846 815 rea
858 753 1064 814 accommodare
1077 755 1219 815 studerent.
1260 755 1304 814 Est
1317 776 1346 814 ea
1360 757 1442 816 studii
1454 756 1560 816 historici
1568 756 1600 813 int

673 862 767 901 omnes
775 844 888 921 populor
899 841 1026 910 infantia,
1046 859 1075 901 ut
1087 842 1193 900 suarum
1208 863 1296 903 terum
1308 843 1429 922 origines
1440 862 1509 925 aptat
1520 860 1544 904 et
1555 865 1600 903 nex

673 935 724 992 effe
736 933 820 992 velint
830 952 866 991 ex
874 930 971 991 illustri
984 932 1077 1010 aliquo
1090 932 1131 991 sui
1143 930 1188 989 seu
1201 932 1283 1009 prisci
1296 933 1424 1011 temporis
1436 935 1540 1012 populo.
1574 931 1600 987 Μ

670 1024 743 1105 jorei
761 1022 843 1081 nostri
863 1040 958 1107 qum
975 1020 1066 1098 llirpeu
1083 1020 1119 1081 ad
1145 1021 1281 1097 Trojanos
1301 1022 1344 1079 vel
1360 1021 1473 1081 Graecos
1489 1021 1600 1082 resereba

673 1110 807 1171 Similiter
830 1108 948 1168 Romani
971 1108 1093 1168 omniurn
1117 1107 1172 1167 fere
1195 1108 1350 1168 Italicarum
1372 1110 1478 1170 urbium
1497 1111 1599 1170 nomina

672 1198 819 1276 originesa
832 1196 939 1257 Grecis
951 1197 1116 1275 repetebant,
1134 1190 1354 1276 quandoquidem
1367 1199 1485 1258 colonias
1496 1198 1601 1259 Graecas

672 1287 767 1346 multia
777 1286 865 1346 Italiae
873 1286 963 1364 paflim
977 1286 1046 1344 locis
1057 1286 1202 1346 consedisse
1210 1302 1379 1366 acceperantr

711 1376 803 1453 Hujus
819 1375 924 1453 generis
944 1375 1121 1454 mythologiis
1131 1376 1205 1456 pleni
1215 1375 1276 1434 sunt
1291 1376 1484 1447 Grammatici,
1502 1366 1601 1456 inprim:

672 1486 728 1544 que
748 1465 928 1535 Macrobius;
955 1464 1096 1543 inquibus
1111 1481 1216 1543 tempus
1236 1466 1391 1526 consumere
1410 1467 1539 1545 sigillatim
1558 1488 1601 1550 exp

671 1557 767 1616 uendis
785 1557 871 1615 nolim
893 1575 1076 1632 quemquam
1105 1555 1167 1614 satia
1183 1556 1219 1613 est
1238 1575 1294 1615 rem
1312 1558 1425 1616 omnino
1444 1571 1537 1616 tenere.
1573 1556 1602 1616 Sc

672 1646 747 1723 quod
760 1646 869 1724 gravius
880 1646 929 1712 et,
951 1644 1057 1720 antiqui
1070 1644 1111 1702 illi
1123 1644 1274 1723 scriptores,
1296 1667 1364 1724 quos
1377 1647 1419 1704 illi
1429 1647 1511 1704 adhuc
1524 1645 1602 1723 integr

671 1735 813 1793 uersabant
825 1734 947 1792 manibus
959 1749 986 1790 et
998 1730 1196 1805 exscribebant,
1220 1732 1315 1792 iisdem
1328 1734 1497 1814 opinionibus
1507 1750 1580 1793 erant
1591 1736 1601 1793 i

672 1823 745 1882 buti.
791 1824 835 1883 Ex
855 1837 908 1901 qua
931 1821 1001 1880 sena
1021 1822 1087 1882 Cato
1105 1822 1230 1901 inprimis
1252 1823 1317 1894 fuit,
1343 1824 1392 1905 qui
1415 1823 1472 1882 sero
1496 1826 1602 1904 litterari

672 1909 831 1972 Graecarum
845 1910 932 1969 studio
944 1909 978 1967 ad
989 1928 1100 1988 pravam
1112 1930 1172 1968 eam
1185 1910 1317 1969 rationem
1329 1908 1457 1969 dedudlus
1469 1913 1517 1971 effe
1529 1912 1600 1972 vider

670 1999 770 2073 Eidem
788 2000 913 2077 adjungit
937 1997 966 2056 P.
987 1998 1308 2076 SemproniamAstllr'onem
1329 1988 1474 2075 Dionysius
1494 2000 1519 2068 Ι,
1544 2020 1569 2058 c.
1598 2023 1603 2060 r

670 2089 814 2157 Caecilium,
835 2088 882 2165 qui
905 2087 1032 2145 Graecam
1053 2087 1126 2153 urbis
1140 2088 1235 2146 Romae
1246 2087 1385 2166 originem
1400 2086 1528 2158 ediderit,
1549 2086 1603 2145 Stra

668 2195 801 2239 memorat
812 2178 862 2238 lib.
876 2177 915 2246 V,
928 2198 955 2255 p.
978 2197 993 2253 3
999 2196 1032 2255 52
1053 2177 1078 2236 C
1095 2200 1105 2244 ;
1128 2177 1178 2254 qui
1197 2192 1286 2236 tamen
1305 2172 1374 2235 sorte
1386 2176 1422 2233 est
1439 2176 1549 2257 Cincius,
1569 2196 1603 2252 cu

670 2288 769 2329 nomen
780 2267 851 2347 apud
863 2265 1140 2342 Dionyfiumquoque
1154 2263 1202 2322 lib.
1215 2265 1239 2323 Ι.
1261 2286 1309 2345 74,
1327 2285 1355 2342 p.
1377 2283 1413 2341 59
1435 2261 1523 2321 Huds.
1545 2267 1603 2322 Καί]

670 2358 701 2415 iu
714 2357 789 2414 cod.
814 2354 906 2412 Varie.
927 2352 1055 2429 scriptum
1077 2352 1127 2410 esse
1150 2348 1242 2422 video,
1261 2354 1304 2411 vel
1325 2345 1358 2410 C.
1382 2349 1484 2420 Acilias,
1503 2354 1603 2432 cujus:

670 2448 742 2506 nales
763 2464 850 2522 graece
870 2441 963 2519 scripti
977 2461 992 2498 a
1006 2439 1124 2498 Claudio
1136 2439 1228 2518 aliquo
1241 2438 1361 2499 conversi
1374 2433 1541 2516 legebantur.
1582 2441 1604 2498 E

669 2532 719 2613 qui
731 2551 817 2612 grance
831 2550 871 2589 res
887 2529 985 2608 patrias
1005 2526 1230 2605 conscripserunt,
1253 2528 1391 2585 Romanoa
1412 2521 1524 2586 Graecas
1540 2548 1604 2606 quot

669 2623 774 2681 fabulas
785 2620 835 2678 esse
857 2617 1003 2696 amplexos,
1022 2635 1103 2673 nemo
1117 2612 1264 2672 mirabitur
1279 2640 1288 2685 ς
1313 2630 1344 2672 ut
1362 2614 1400 2691 Q
1415 2613 1525 2673 Fabium
1546 2615 1604 2674 inl

668 2710 775 2770 nulibus
786 2725 814 2768 et
834 2710 867 2766 L.
883 2707 997 2767 Cincium
1016 2700 1046 2760 in
1060 2702 1214 2760 Annalibus
1226 2700 1332 2760 Graecis
1356 2709 1411 2779 (ap.
1426 2685 1544 2778 Dionys.
1559 2703 1604 2761 lib,

669 2820 697 2858 c.
716 2800 758 2873 6),
779 2802 814 2857 A.
839 2795 969 2859 Albinam,
992 2802 1035 2872 qui
1056 2793 1145 2851 Graece
1160 2792 1260 2868 scrr'pfit
1274 2789 1409 2868 bssorr'arrr,
1429 2787 1495 2846 Cic.
1508 2789 1604 2851 Brut.¹

668 2904 696 2946 et
716 2887 915 2961 Ca.Aufidiurn,
935 2879 1020 2937 Tusc.
1033 2879 1072 2950 V,
1090 2883 1137 2954 38.
1171 2877 1318 2936 Enimvero
1331 2877 1446 2935 necdum
1458 2876 1545 2936 alium
1558 2899 1604 2957 qur

669 2997 751 3057 quam
764 2976 920 3053 scriptorem
935 2986 1065 3037 veterem,
1079 2981 1208 3046 quantum
1222 2966 1334 3043 quidem
1343 2986 1377 3024 ex
1395 2966 1556 3044 fragmentis
1569 2967 1604 3025 in<

665 3054 720 3146 trgi
734 3048 817 3145 potest
841 3057 1091 3140 (inspiraturque
1112 3080 1138 3116 v.
1153 3076 1178 3116 e.
1192 3053 1434 3132 iterumueorrg.
1459 3054 1503 3114 o.
1520 3056 1586 3132 re),

667 3156 738 3235 peri,
756 3153 805 3232 qui
826 3170 882 3209 non
896 3149 1006 3205 Graecas
1018 3145 1123 3211 fabulas
1144 3144 1297 3205 sedaretur.
1336 3140 1425 3200 Varro
1437 3160 1549 3220 quoque
1561 3144 1604 3204 eid

667 3243 754 3305 studio
772 3241 887 3300 nimium
904 3230 1026 3305 indulsit,
1048 3249 1078 3293 ut
1095 3234 1138 3291 vel
1151 3251 1185 3291 ex
1203 3251 1257 3289 uno
1270 3232 1376 3290 locode
1390 3231 1426 3287 R.
1443 3230 1481 3289 R.
1503 3230 1563 3300 111,
1588 3254 1600 3292 1

667 3332 728 3397 satis
747 3328 864 3407 intelligi
884 3325 978 3405 potest.
1019 3320 1148 3400 inprimis
1158 3332 1248 3378 autem
1262 3317 1290 3377 ln
1301 3316 1410 3375 urbium
1420 3317 1604 3378 Italicarum(

666 3419 804 3498 ginibuse
818 3419 924 3474 Graecrs
935 3410 1033 3470 sabulis
1045 3407 1194 3488 repetendis
1212 3407 1369 3465 laborarunt
1386 3419 1495 3465 tanturn
1515 3428 1574 3466 non
1595 3429 1604 3465 t

666 3532 724 3582 nes,
744 3525 774 3568 ut
786 3529 836 3567 nec
849 3508 962 3565 modum
980 3522 1030 3561 nec
1043 3502 1176 3559 rationem
1190 3498 1340 3568 servarent3
1361 3517 1424 3555 nam
1440 3495 1604 3576 levissimac

666 3622 719 3687 que
740 3619 830 3660 rerum
850 3594 1026 3655 nominumve
1040 3589 1213 3649 ssmilitudine
1232 3601 1338 3666 arrepta
1356 3585 1507 3665 originem,
1526 3589 1604 3645 cauli

664 3707 693 3752 et
705 3690 876 3750 conditorem
889 3684 919 3741 in
932 3680 1044 3737 Gracia
1057 3677 1179 3756 reperisse
1191 3676 1240 3733 fibi
1252 3676 1341 3734 videri
1355 3675 1450 3734 solent.
1493 3673 1566 3735 Hoc
1580 3676 1604 3733 ic

665 3794 707 3837 rot
726 3777 848 3837 virorum
861 3772 1002 3831 doliorum
1014 3767 1167 3843 exemplum
1180 3762 1304 3822 obfuerat
1317 3763 1451 3841 Dionysio
1468 3763 1604 3824 Halicarr

664 3867 741 3937 senfi,
760 3865 823 3924 viro
844 3858 1004 3925 acutissimo,
1024 3869 1053 3912 ut
1065 3854 1160 3911 urbem
1173 3851 1289 3909 Romam
1313 3852 1370 3927 jam
1391 3849 1455 3908 inde
1467 3850 1506 3907 ab
1519 3851 1604 3911 initia

665 3955 770 4016 Graeca
782 3950 900 4014 coloniae
918 3965 1021 4006 morem
1037 3941 1212 4020 descriptam,
1233 3938 1331 4019 opibus
1344 3940 1416 3997 intcr
1428 3938 1555 4021 Regem,
1578 3942 1604 3998 S«

663 4059 760 4103 tumet
772 4042 916 4119 Populum,
926 4033 1058 4113 sapienter
1070 4030 1105 4088 ad
1117 4030 1246 4087 trutinam
1255 4027 1410 4105 exequaris,
1421 4025 1522 4104 reique
1536 4029 1604 4106 publ

662 4129 782 4210 partssnus
805 4118 1114 4188 subtilitet⁴conllitutis
1135 4116 1243 4196 egregie
1265 4115 1419 4182 fundatam,
1449 4129 1604 4195 tamquam

663 4214 997 4295 nbulapittaexniberet.
1567 4293 1591 4355 P

823 4327 830 4340 .
1594 4311 1604 4349 r
