3966 4920
633 340 744 414 sno
781 327 1022 412 instrunt·
1056 334 1140 408 vn.
1297 323 1356 430 ψ

447 568 450 573 ·
469 539 604 601 Habemus
615 541 672 616 jam
683 554 845 599 communem
858 533 967 594 Ausonii
977 534 1085 612 generis
1099 532 1218 612 llirpem,
1238 534 1273 593 de
1285 533 1362 610 cujus

440 630 572 687 remotiore
590 628 692 706 origine
703 623 845 703 inquirendi
859 625 932 682 locus
945 643 1015 681 nunc
1029 642 1083 680 non
1096 624 1156 691 est3
1182 625 1229 709 etsi
1244 626 1365 698 proclive

439 717 494 773 esta
513 715 625 774 Celticis
641 714 738 792 populis
758 732 816 769 eam
837 726 967 789 repetere.
991 710 1049 768 'Ad
1072 711 1204 787 Ligures,
1226 713 1364 771 Ibericum

437 821 525 877 genus,
537 804 601 862 olim
610 823 665 860 eant
677 802 785 860 retulere
797 799 936 876 scriptores
949 798 1020 875 apud
1038 799 1154 876 Dionys.
1173 802 1199 867 I,
1216 821 1260 860 to.
1300 803 1363 861 Ve-

438 910 491 950 rum
503 911 552 951 nec
561 891 659 950 deliniri
669 891 808 968 quicquam
816 887 845 946 in
857 887 999 966 agrestium
1008 886 1131 965 gentium
1140 888 1293 966 originibus
1304 903 1364 948 tatu

437 981 544 1055 antiquis
555 981 644 1058 potest,
665 999 712 1037 nec
724 977 758 1035 ad
767 996 845 1034 unum
856 976 899 1035 sed
912 975 946 1033 ad
957 978 1072 1053 plurese
1089 976 1268 1054 septentrione
1277 996 1306 1037 et
1314 999 1367 1038 oc-

399 1118 406 1131 ,
438 1067 533 1126 ridente
556 1068 722 1127 adventantes
739 1067 863 1125 barbaros
884 1067 997 1144 populos
1021 1064 1109 1143 prima
1132 1068 1264 1128 Italorum
1279 1069 1366 1150 origo

318 1160 319 1185 ¹
439 1158 567 1217 referenda
582 1158 630 1216 else
641 1157 756 1215 videtur.

468 1244 647 1323 Progredimur
659 1263 727 1303 nune
744 1242 911 1308 adulterum,
933 1241 1006 1319 quod
1023 1242 1177 1320 posuimus:
1206 1262 1309 1304 novum
1328 1246 1363 1306 in

317 1396 318 1403 ἵ
439 1334 542 1392 turmine
564 1336 646 1392 nostro
669 1335 816 1392 fabularum
841 1333 975 1398 ordinem,
999 1352 1065 1410 quas
1083 1335 1292 1411 Italicornytbos
1311 1356 1366 1416 ap-

440 1423 517 1498 pelles,
533 1423 568 1482 ab
579 1423 666 1481 iisdem
684 1423 773 1502 priscis
786 1423 901 1500 populis,
927 1422 1101 1500 inprimisque
1119 1425 1155 1482 ab
1169 1426 1319 1484 Ausonibtss
1332 1443 1366 1487 et

439 1510 798 1589 Aboriginibus,procedere:
818 1511 897 1569 modo
910 1509 1114 1576 adolescentum,
1134 1512 1181 1589 qui
1192 1514 1367 1590 bedegene,

436 1600 524 1659 tumor
537 1620 570 1658 eo
582 1600 666 1659 adhuc
682 1599 883 1663 intenderimus,
906 1612 936 1655 ut
957 1599 1140 1658 Romanorum
1159 1600 1295 1676 originem
1307 1602 1369 1661 lin-

436 1703 535 1767 guaque
548 1689 650 1747 Latine
667 1690 766 1748 caussas
786 1689 832 1745 suo
843 1687 891 1763 ipsi
910 1685 1014 1761 judicio
1024 1708 1058 1746 ex
1069 1688 1250 1765 superioribus
1262 1689 1369 1751 intelli.

434 1792 511 1850 gant:
543 1798 604 1836 cum
627 1778 743 1837 Romani
764 1777 930 1834 Albanorum
952 1777 1047 1834 coloni
1069 1777 1180 1844 suerint,
1205 1796 1239 1835 ex
1262 1780 1380 1841 libori.x

433 1864 526 1939 ginum,
544 1869 595 1925 hoc
605 1869 639 1924 est
655 1868 799 1932 Ausonum,
821 1866 933 1944 genere,
952 1866 998 1924 sed
1010 1887 1072 1925 cum
1086 1867 1216 1945 Pelasgis,
1233 1869 1373 1945 Trojanis

433 1969 457 2011 ac
471 1954 576 2015 Graeeis
596 1954 688 2023 mixto,
711 1956 746 2013 sd
763 1953 966 2031 intelligendum
981 1953 1010 2011 in
1028 1974 1135 2033 promtu
1148 1958 1195 2023 est,
1213 1957 1372 2021 sermonem

430 2042 573 2103 Romanum
584 2062 600 2100 a
612 2044 715 2103 Latinis
732 2041 905 2121 inprimisque
918 2041 952 2099 ab
971 2043 1083 2102 Albanis
1100 2045 1265 2124 prosedlum,
1285 2066 1373 2109 com.

313 2208 314 2211 Ἴ
428 2152 524 2203 munem
544 2131 707 2211 eundemque
727 2152 789 2191 cum
809 2132 928 2189 sermone
942 2130 1091 2200 Ausonum,
1113 2129 1242 2212 hujusque
1260 2141 1372 2201 nonnisi

425 2218 560 2281 dialeslum
570 2217 652 2286 fuisse,
671 2224 805 2281 excultam
819 2236 970 2297 temporum
981 2219 1107 2290 successu,
1129 2243 1193 2282 cum
1203 2238 1371 2289 ceterorum

425 2311 559 2368 Ausonicae
571 2307 652 2384 stirpis
674 2311 835 2389 populorum
847 2308 932 2366 sermo
944 2308 1082 2387 antiquam
1105 2310 1276 2391 asperitatem
1297 2318 1371 2375 reti·
1460 2372 1464 2389 ,

420 2400 515 2460 suisset.
556 2396 680 2458 Habuere
700 2400 787 2476 igitur
806 2398 900 2476 populi
918 2397 1020 2465 Italici,
1039 2399 1129 2476 primo
1150 2400 1217 2460 ritus
1240 2421 1274 2460 ac
1298 2405 1371 2463 reli·

312 2498 313 2503 ’
387 2550 390 2563 ,
421 2489 517 2566 munes,
540 2487 571 2544 in
588 2488 678 2549 multis
696 2489 806 2568 quidem
820 2488 891 2546 baud
909 2488 1063 2548 abludentes
1086 2511 1103 2549 a
1126 2491 1241 2559 Graecis,
1257 2507 1373 2554 ‚catera

419 2580 536 2659 proprias
550 2596 582 2635 ac
600 2576 754 2640 domesticas
767 2601 776 2644 ;
803 2576 955 2637 barbariem
967 2592 996 2636 et
1014 2580 1152 2639 horridam
1164 2582 1325 2640 vetustatem
1338 2583 1371 2642 iu

419 2669 445 2727 iis
460 2669 542 2727 facile
556 2664 692 2743 agnoscas,
710 2665 886 2746 inprimisque
899 2666 1105 2745 superstitiosum
1118 2670 1231 2729 deorum
1248 2685 1372 2740 metum,
1458 2667 1461 2673 ’

416 2778 489 2836 quem
503 2755 568 2813 sane
587 2752 695 2828 injicere
718 2755 813 2815 animis
833 2770 957 2831 poterant
969 2776 1076 2833 magnae
1089 2779 1121 2818 ac
1141 2760 1243 2819 crebrae
1262 2775 1373 2821 naturae

418 2846 598 2907 conversiones
608 2860 635 2901 et
645 2844 857 2921 perturbationes
868 2847 896 2904 in
904 2845 947 2903 his
958 2846 1025 2904 locis
1038 2866 1072 2906 ex
1086 2851 1247 2909 tremoribus
1259 2850 1319 2917 soli,
1333 2872 1373 2911 ese

417 2935 519 3015 ignibus
529 2932 717 3002 subterraneis,
730 2952 877 3012 eorumque
887 2935 1037 3012 eruptione,
1049 2958 1084 2998 ex
1093 2959 1225 3019 aquarum
1238 2943 1375 3018 stagnati·

416 3036 462 3084 un'e
481 3028 661 3100 silvarumque
671 3025 786 3084 vastitie.
825 3026 1062 3104 Necyomanteum
1077 3030 1292 3090 cimmeriorum
1311 3049 1377 3090 erat
1457 3023 1468 3041 ⁸

417 3113 553 3173 infinibus
573 3113 855 3192 anthropophagor‘um
876 3117 1104 3191 Lestrygonum3
1124 3119 1198 3177 sacra
1211 3121 1331 3177 bumana
1344 3121 1378 3180 in
1392 3180 1398 3187 ,

418 3202 479 3263 locis
503 3196 540 3257 ad
565 3198 697 3269 Tiberini,
723 3202 807 3261 launi
824 3206 934 3263 oracula
955 3202 1127 3265 incubatione
1148 3206 1177 3264 in
1198 3207 1378 3269 violatarum

418 3293 543 3351 cesarum
555 3288 665 3364 pellibus
677 3309 799 3371 accepta.
838 3294 987 3353 Habebunt
1000 3292 1084 3353 iidem
1097 3295 1201 3355 sabulos
1214 3288 1382 3357 etnarrati-
1429 3312 1434 3320 '

417 3401 476 3439 unes
489 3380 552 3438 suas
562 3395 579 3433 a
588 3378 728 3452 majoribus
741 3397 866 3458 acceptas
876 3385 957 3461 super
967 3382 1075 3460 origine
1088 3385 1133 3443 sua
1145 3404 1178 3444 ac
1198 3387 1289 3464 primo
1309 3386 1381 3446 vitae

418 3470 497 3535 cultu,
511 3462 639 3542 symbolis
650 3469 705 3526 sere
719 3489 751 3528 ae
771 3469 924 3544 symbolicis
936 3470 1054 3547 personis
1076 3476 1221 3553 expressas,
1248 3473 1283 3531 ad
1306 3491 1384 3548 quas

419 3575 517 3635 inagna
528 3572 592 3631 pars
602 3553 753 3616 Italicarum
766 3557 921 3618 fabularum
932 3559 1015 3626 redit,
1028 3575 1086 3620 turn
1099 3563 1177 3641 super
1186 3559 1386 3620 illustrioribus

420 3646 520 3724 aliquot
533 3641 599 3699 viris
612 3646 653 3703 vel
662 3647 797 3729 heroibus,
819 3662 846 3704 et
859 3647 995 3708 nonnullis
1009 3665 1111 3710 naturae
1124 3651 1228 3709 eventis
1242 3645 1386 3721 insignio-

423 3734 502 3798 ribus,
530 3730 577 3787 sed
589 3729 703 3796 sabuloso
714 3737 762 3796 illo
780 3736 908 3798 sermonis
922 3752 951 3797 et
963 3739 1127 3798 narrationis
1148 3757 1250 3815 genere
1273 3736 1389 3806 exponi

423 3819 530 3886 solitas3
562 3836 644 3894 neque
658 3832 797 3898 postorum
810 3824 941 3904 ingeniis,
968 3839 999 3882 ut
1021 3826 1101 3892 inter<
1121 3826 1236 3882 Graecos
1262 3820 1386 3886 fadum,

426 3906 563 3982 expolitas,
574 3920 600 3962 et
617 3928 738 3981 ornatam
770 3912 814 3969 sed
827 3913 883 3990 ipss
901 3914 1057 3989 argumenti
1070 3911 1180 3969 tristitia
1192 3923 1238 3966 aut
1250 3903 1389 3964 faeditate

428 3992 565 4056 notabiles,
585 4011 612 4050 ut
631 3998 663 4057 de
683 4004 757 4061 Caco
778 4002 894 4061 latrone.
933 4001 1031 4076 Itaque
1050 3997 1143 4058 Italici
1162 3995 1252 4070 mythi
1264 3995 1348 4070 longe
1361 4013 1386 4052 a

428 4081 531 4137 ssraecae
552 4079 639 4142 fabule
659 4090 786 4149 suauitate
801 4091 894 4150 absunt
910 4112 919 4156 ;
951 4106 1003 4146 nec
1017 4086 1135 4145 varietas
1149 4098 1230 4159 grata
1252 4081 1326 4145 inest·
1349 4096 1385 4136 et

1290 4163 1384 4234 maior.
1465 4216 1470 4228 .
