3966 4920
562 390 633 470 154
756 362 1141 445 excursus
1183 369 1349 457 vrvrr

559 570 599 638 es,
611 592 639 632 c.
653 593 682 645 7,
702 594 783 653 quam
796 573 936 633 oleastrum
948 574 1041 632 Fauno
1053 574 1157 633 sacrum
1169 593 1204 632 ex
1215 574 1441 654 AEn.·xtt,766.
1461 578 1464 585 ’
1481 573 1538 634 Sed
1571 572 1573 577 ’

560 662 618 721 haee
630 664 769 741 etreliqua
790 662 881 721 omnia
894 663 1087 721 contortiffima
1097 661 1168 731 sunt,
1188 680 1217 721 ut
1230 665 1260 722 in
1273 663 1316 721 his
1329 665 1426 722 haerere
1435 665 1536 723 neceffe

559 770 615 810 nun
632 755 679 812 sen·
713 752 825 828 Sibyllae
836 750 969 809 Albuneae
982 753 1092 809 nomine
1108 752 1212 829 fignum
1229 772 1411 812 marmoreum
1428 754 1457 811 in
1469 753 1535 811 villa

560 841 685 899 Atestina
704 840 826 908 habetur,
850 840 924 916 quod
948 841 1030 898 etiam
1054 842 1084 898 in
1108 840 1213 920 Vulpio
1237 861 1288 901 aete
1312 843 1459 920 expressum
1482 844 1536 911 est;

559 932 595 989 dc
607 951 662 1008 quo
674 945 774 998 tamen,
795 928 845 987 nifi
860 930 1011 988 accuratius
1024 930 1192 1014 exploratum
1205 932 1299 1000 suerit,
1319 931 1390 990 nihil
1409 950 1473 993 cum
1484 933 1538 992 lide

557 1033 726 1100 pronuntiet.

821 1219 1167 1280 EXCURSUS
1206 1222 1275 1282 VII.

558 1320 810 1417 Desabu'lnrunt
829 1325 1012 1397 Graecarum
1028 1329 1095 1419 usur,
1113 1342 1142 1398 et
1159 1330 1340 1400 denariam
1357 1334 1391 1400 in
1407 1331 1537 1402 illarum

658 1450 805 1506 naturam
822 1435 1011 1526 deflexurum
1028 1435 1161 1517 habitem
1186 1442 1251 1507 tum
1268 1436 1306 1506 de
1323 1436 1439 1507 Turno

519 1585 523 1595 '
596 1568 669 1637 VII,
691 1589 755 1646 37t.
778 1588 831 1646 372
847 1569 882 1625 Et
894 1568 990 1635 Turno,
1003 1571 1035 1640 fi
1021 1577 1136 1644 tprima
1149 1571 1231 1631 detaut
1245 1577 1457 1658 repetaturomgn
1470 1569 1535 1630 [naq

557 1648 618 1721 ebur
628 1662 782 1738 Acrfiusque
795 1676 877 1723 narret
888 1662 1019 1738 mediaeque
1030 1659 1154 1736 Mycenae.

600 1748 747 1806 Peaeum
740 1762 810 1805 rnter
834 1747 971 1805 Romanos
990 1748 1176 1824 scriptores,
1168 1747 1300 1826 inprimis
1321 1760 1434 1814 veteres,
1459 1686 1536 1807 suislit

478 1830 481 1837 ’
557 1836 676 1894 studium
689 1834 847 1893 deflectendi
867 1848 968 1893 veteres
980 1835 1109 1892 Italorum
1124 1835 1230 1910 mythos
1250 1835 1285 1892 ad
1312 1836 1546 1896 Graecasfahulae
1636 1838 1639 1847 '

557 1940 590 1983 et
609 1926 747 2004 repetendi
770 1925 890 2002 origines
913 1944 1001 1982 rerum
1024 1924 1186 2005 urbiumque
1206 1925 1362 2001 Italicarum
1380 1944 1396 1982 e
1415 1924 1541 2014 Graecia,

557 2016 638 2093 supra
652 2014 766 2072 Excurs.
780 2012 823 2069 IV
836 2014 936 2075 diserte
947 2015 1096 2091 expofitum
1109 2008 1155 2074 est.

599 2105 684 2184 Quod
697 2120 754 2161 tum
769 2103 840 2160 inter
853 2106 951 2162 caussas
971 2118 1105 2180 corrupta·
1122 2104 1238 2165 historiae
1251 2105 1439 2184 memoriame,
1449 2106 1541 2165 ornain

558 2207 678 2254 veterum
706 2193 837 2251 Italorum
863 2192 1011 2255 obscuratae
1039 2193 1140 2252 retuli:
1172 2194 1225 2250 hoc
1251 2186 1400 2275 Virgilius,¹
1421 2195 1557 2254 summua'

559 2288 662 2365 poita,
674 2284 718 2341 siu
732 2303 902 2341 communem
917 2284 1232 2363 opinionemxsequutus,
1253 2284 1315 2354 seu,
1331 2287 1351 2344 st
1369 2286 1473 2344 acriore
1494 2288 1539 2363 ju-

506 2394 507 2401 *
558 2373 636 2432 dicio
659 2393 751 2431 rerum
770 2371 915 2450 perspexit,
939 2372 1084 2429 utilitatem
1106 2386 1195 2429 tamen
1218 2365 1438 2453 amplexum'pro
1461 2377 1540 2452 adju·

558 2477 652 2521 mento
665 2462 794 2538 preclaro
808 2461 842 2516 ad
855 2460 1050 2537 expediendam
1065 2461 1193 2519 carminis
1206 2462 1245 2519 sui
1260 2465 1402 2522 materiem
1412 2465 1540 2534 adscivit,

558 2540 743 2628 erroremque,
764 2568 853 2607 terum
866 2549 974 2607 veritati
994 2550 1217 2626 historiarumque
1241 2552 1305 2609 fidei
1332 2553 1539 2627 infestissimum,

558 2642 678 2724 poeticis
692 2636 845 2696 rationibus
858 2639 1076 2709 accommodavit
1088 2639 1270 2699 sollertissime.

597 2728 672 2786 Cum
690 2727 764 2784 enim
783 2724 891 2784 Italicas
901 2726 1069 2805 fabulas,ut
1082 2727 1202 2786 novitate
1219 2729 1260 2786 rei
1273 2729 1400 2806 placeret,
1420 2735 1538 2794 carmini

521 2856 524 2859 ,
556 2817 677 2876 intexere
689 2813 871 2882 constituisset,
892 2815 981 2873 statim
1003 2816 1147 2876 occurrisse
1166 2818 1265 2875 necesse
1277 2819 1313 2874 est
1326 2820 1398 2878 hoc:
1419 2843 1462 2880 eas
1473 2826 1540 2899 qui-

557 2908 634 2975 dern,
658 2926 718 2982 quae
728 2903 850 2962 carmine
859 2903 970 2961 tractari
982 2906 1088 2981 poffint,
1102 2905 1206 2963 fabulas
1219 2908 1268 2964 effe
1278 2926 1387 2983 paucas,
1398 2912 1540 2990 plerasque

556 2996 663 3072 asperas
682 3009 710 3052 et
735 2993 853 3051 inficetas
873 2992 1049 3053 nominibus:
1078 2997 1154 3070 cujus
1175 2996 1251 3052 modi
1276 2996 1381 3055 Salacia
1403 3001 1450 3068 est,
1477 3023 1539 3077 quae

486 3150 489 3159 ‚
556 3084 692 3163 Neptuno
703 3085 802 3160 conjux
815 3083 889 3151 data,
905 3080 1047 3151 Nerienea,
1067 3104 1128 3165 quae
1147 3083 1243 3141 Virtus
1254 3100 1310 3142 erat
1323 3105 1354 3143 ac
1381 3086 1539 3162 Fortitudo,

556 3175 631 3233 idem
650 3175 704 3232 fere
718 3172 880 3249 symbolum,
904 3190 935 3228 ac
949 3171 1111 3229 Graecorum
1126 3172 1263 3232 Minerva.
1304 3174 1416 3235 Unaest
1429 3182 1541 3260 egregie

558 3266 594 3321 ad
614 3263 755 3340 poeticum
781 3260 856 3317 usum
877 3260 1024 3318 informata
1037 3261 1128 3319 sabula
1149 3262 1184 3319 de
1207 3262 1277 3329 Ora,
1302 3264 1456 3339 Juventutis
1476 3270 1539 3342 dea,

558 3351 744 3430 Qirinodco
765 3367 815 3423 pro
836 3351 956 3427 conjuge
976 3351 1051 3416 dat,a
1075 3364 1105 3407 ut
1129 3350 1245 3410 Herculi
1269 3354 1362 3414 Hebe.
1381 3356 1440 3416 vid.
1461 3359 1539 3423 Gell.

494 3501 498 3505 ,
557 3441 644 3508 XIII,
667 3452 742 3496 zzet
762 3437 803 3493 ibi
820 3437 890 3496 Not.
929 3440 982 3498 Sed
1002 3441 1061 3500 lraec
1080 3463 1190 3520 quoque
1212 3445 1247 3501 ad
1261 3445 1391 3505 Graccum
1403 3453 1540 3528 exemplar

556 3529 672 3608 procusa
684 3529 732 3594 est
751 3542 778 3583 et
792 3525 880 3603 ipsum
898 3527 1008 3586 vrdctur
1021 3551 1119 3590 nomen
1142 3532 1272 3592 Graecum
1285 3538 1345 3604 else
1361 3541 1439 3614 ἫΩςα
1480 3539 1542 3601 Ess'e

465 3634 470 3673 ;
555 3640 616 3679 eam
632 3617 790 3684 Hersiliam,
809 3615 854 3673 sed
868 3616 947 3674 deam
959 3619 1058 3695 fastam
1073 3622 1193 3680 narrarit
1207 3624 1292 3684 Ovid.
1309 3626 1385 3683 XIV
1399 3628 1470 3688 Met.
1489 3631 1542 3692 sub

554 3712 602 3771 fin.
642 3705 744 3766 Vidit
736 3704 822 3785 igitur
835 3705 918 3764 Maro
940 3706 1043 3765 fabulas
1063 3710 1171 3768 Italicas
1196 3727 1272 3772 tanto
1294 3716 1492 3777 tradabiliores
1510 3732 1541 3780 et

555 3798 673 3860 carmini
700 3793 960 3854 accommodatiores
985 3796 1056 3865 sote,
1079 3817 1135 3874 quo
1162 3802 1249 3879 magis
1273 3802 1307 3859 ad
1333 3801 1462 3863 Graecam
1485 3807 1542 3867 illae

556 3890 690 3947 rationem
714 3896 962 3960 attemperarentur,
986 3884 1145 3943 nominibus
1168 3890 1342 3949 autinllexis
1365 3908 1411 3950 aut
1431 3896 1543 3955 mutatis

554 3991 604 4034 aut
617 3973 760 4041 translatis,
801 3971 965 4030 Indeetiarn
985 3974 1068 4032 totius
1089 3977 1217 4034 carminis
1238 3981 1396 4056 aequebilius
1416 3998 1541 4044 tenurae

470 4084 474 4093 ’
556 4067 644 4132 color,
658 4063 795 4139 faciesque
808 4062 960 4140 elegantior
974 4085 1004 4122 ac
1025 4065 1134 4125 dostior
1144 4070 1328 4145 proveniebat.
1351 4075 1424 4132 Cum
1437 4092 1539 4148 autem,

555 4154 631 4232 quod
659 4154 717 4231 sup.
749 4150 865 4213 Excurs.
891 4152 936 4211 IV
958 4154 1096 4227 uidimus,
1114 4170 1157 4215 tot
1182 4157 1351 4220 diversorum
1376 4165 1540 4242 populorum

711 4261 727 4320 5
1442 4250 1543 4325 Italiae,
