3702 4916
674 318 791 427 ms
903 300 1285 424 nxcousus
1321 349 1371 426 111
1433 340 1434 349 ‘

671 562 735 604 rum
754 543 875 624 origines
896 545 967 604 ultra
987 544 1071 623 Alpes
1091 544 1248 623 quaerendas
1260 545 1316 616 esse,
1334 546 1435 627 dubitas

671 635 749 712 quod
759 634 816 695 alio
828 654 937 714 quoque
949 634 1011 693 loco
1022 648 1147 692 accurate
1159 633 1319 713 disputatum
1336 637 1368 695 est
1380 662 1388 708 ;
1411 634 1435 694 P}

670 719 703 782 in
717 724 766 781 has
776 724 882 785 easdem
893 723 929 782 ab
940 722 1083 781 occidente
1094 722 1207 781 Tiberis
1218 723 1277 782 tiras
1286 739 1358 782 terras
1367 724 1435 783 imm

671 827 811 892 arguunt:
837 832 904 891 quos
914 812 1054 871 communi
1073 811 1164 891 gentis
1175 812 1285 870 nomine
1296 812 1365 873 fuisse
1375 834 1436 873 com

670 919 720 961 mo
733 899 888 971 mirabitur,
901 915 932 958 ut
944 912 1034 958 tamen
1047 898 1112 957 inde
1121 919 1171 957 nec
1184 902 1325 959 contendat
1336 901 1406 979 quis,
1428 902 1436 959 ]

672 987 810 1067 Pelasgos.
850 988 939 1047 Poeta
957 1004 1048 1046 tamen
1070 988 1127 1046 haec
1150 989 1255 1057 omnia,
1276 990 1320 1049 etsi
1337 990 1436 1049 subdus

671 1075 791 1138 historin
810 1077 924 1136 calculis
943 1077 1016 1136 reste
1032 1075 1153 1154 explosa,
1177 1078 1283 1136 erudite
1293 1093 1318 1137 et
1336 1078 1437 1157 sapient

670 1180 764 1226 menta
774 1167 903 1226 carminis
915 1165 1043 1226 adscivit.
1080 1166 1175 1245 Itaque
1187 1154 1272 1237 VIII,
1285 1186 1347 1246 479.
1359 1172 1419 1244 480

670 1252 762 1323 Caete,
780 1255 829 1316 ubi
835 1258 919 1335 lydr‘a
929 1257 1052 1337 quondam
1066 1257 1135 1314 Gens
1147 1255 1209 1316 bello
1216 1257 1342 1334 praetlura
1344 1260 1420 1337 jugis
1434 1289 1438 1318 ι

670 1342 731 1416 ΙΧ,
748 1365 793 1406 11.
814 1344 858 1414 X,
874 1365 927 1424 ¹55
947 1347 1016 1422 Lydi
1031 1364 1081 1423 pro
1095 1344 1234 1416 Etruscis3
1253 1344 1438 1425 etlib.11,7s

670 1432 726 1494 sris
742 1453 760 1492 a
777 1435 848 1515 fluce
861 1434 1033 1513 Tyrrhenoe
1045 1434 1186 1511 Lydorum
1198 1450 1288 1513 gente.
1323 1434 1359 1492 Et
1377 1455 1438 1514 quo

667 1537 774 1583 >vetem
795 1524 892 1602 Lydiae
916 1523 1011 1583 coloni
1035 1523 1158 1595 suerunt,
1182 1524 1247 1583 hinc
1266 1522 1370 1607 Etrusci
1394 1526 1438 1586 M.

672 1609 761 1683 vm,
780 1633 849 1695 499.
868 1615 910 1679 cf,
922 1611 980 1682 XI,
993 1634 1060 1693 759.

710 1698 844 1763 Tarcontn
855 1702 901 1761 seu
914 1701 1063 1761 Tarchonis
1081 1722 1193 1771 nomen,
1213 1723 1269 1783 quo
1281 1707 1361 1781 polita
1372 1703 1432 1766 inf.

670 1809 783 1853 monem
797 1790 987 1872 Agyllmorum
1000 1786 1145 1868 impertiit,
1167 1810 1223 1849 non
1243 1788 1330 1848 minus
1349 1809 1384 1848 ex
1410 1812 1439 1852 ve

565 1946 568 1953 ⁴
670 1879 814 1959 repetitum
838 1879 884 1938 est.
925 1874 990 1935 Fuit
1008 1878 1083 1936 enim
1104 1876 1215 1935 Tarson
1235 1875 1343 1955 aliquis,
1360 1878 1413 1955 qui
1438 1886 1439 1898 ¹

670 1968 782 2029 Etruria
796 1965 946 2026 condidisse
959 1963 1105 2024 serebatur.
1144 1964 1216 2023 Eum
1228 1965 1315 2023 statim
1328 1984 1392 2025 cum
1407 1971 1440 2028 T

671 2057 720 2118 elio
732 2056 763 2116 in
774 2055 882 2114 Italiam
893 2054 1000 2123 veniile,
1024 2054 1123 2113 Strabo
1134 2054 1267 2125 traditum
1280 2073 1422 2134 acceperat
1433 2062 1440 2118 l

670 2147 714 2215 A,
734 2145 871 2224 vulgoque
885 2157 1034 2214 narratum,
1053 2142 1131 2203 fuisse
1143 2161 1206 2203 eum
1215 2163 1313 2203 canum
1327 2163 1344 2201 a
1360 2166 1441 2223 puer<

670 2233 898 2316 virisapientiam
910 2233 1046 2295 declarare
1056 2232 1163 2292 voluere
1171 2232 1303 2293 homines.
1334 2235 1441 2316 Repeti

671 2325 709 2384 acl
723 2324 842 2401 Dionys.
855 2322 961 2401 Perleg.
984 2341 1052 2400 347.
1069 2320 1099 2381 'et
1111 2324 1145 2381 ad
1160 2322 1248 2385 Hom.
1262 2323 1298 2382 Il.
1310 2327 1339 2391 β.
1359 2345 1388 2403 p.
1418 2346 1441 2390 ιι

670 2416 747 2497 sedit
759 2414 846 2474 abhis
858 2413 952 2479 Silius,
964 2411 1014 2472 lib.
1024 2411 1110 2483 VIII,
1122 2434 1192 2494 474,
1205 2434 1284 2493 aquo
1298 2412 1442 2498 Cononasr

669 2508 755 2567 domus
774 2503 849 2563 edita
861 2503 897 2563 est
906 2525 917 2570 ;
937 2514 965 2560 et
977 2501 1124 2565 seeundum
1137 2503 1215 2573 alios,
1234 2524 1303 2584 quos
1319 2505 1394 2565 Cato
1410 2511 1442 2569 O

669 2592 765 2662 batur,
779 2591 850 2672 apud
864 2590 990 2649 Servium
1003 2591 1038 2648 ad
1048 2590 1100 2649 lib.
1121 2590 1151 2650 X
1164 2592 1229 2652 AEn.
1253 2614 1307 2674 179
1327 2595 1442 2659 Pisarur

669 2680 780 2741 habitus
792 2682 841 2749 est,
860 2681 895 2740 ab
908 2679 970 2738 aliis
982 2679 1105 2738 Mantuae
1117 2699 1159 2759 ap.
1174 2681 1248 2741 Serv.
1262 2684 1297 2741 ad
1311 2681 1353 2752 X,
1371 2691 1443 2767 198,

668 2769 725 2831 hoc
744 2761 859 2838 const'at,
879 2767 957 2831 fuisse
976 2767 1142 2832 Tarcontem
1160 2768 1232 2828 inter
1255 2774 1379 2852 notiores
1404 2797 1443 2853 po

669 2857 823 2937 multasque
844 2858 880 2917 ad
902 2876 965 2921 eum
983 2856 1062 2917 urbes
1074 2857 1210 2937 originem
1224 2861 1348 2923 retulisse.
1390 2865 1442 2933 Al

668 2945 765 3008 bulum
777 2947 942 3027 Lycophron
955 2966 983 3005 v.
1000 2965 1085 3026 ¹245·
1101 2966 1186 3027 1249,
1206 2946 1266 3017 ubl,
1286 2965 1384 3028 praeter
1394 2952 1443 3014 Ul

668 3052 699 3097 et
719 3037 876 3117 Tyrrhenus,
895 3033 1013 3114 Telephi
1034 3033 1177 3112 Mysorum
1190 3036 1261 3117 regis
1278 3035 1343 3108 filii,
1362 3060 1443 3103 occu

667 3125 752 3187 ltalia
764 3124 971 3203 societatemque
982 3143 1045 3182 com
1056 3144 1090 3183 eo
1098 3125 1221 3202 jungunt
1242 3126 1303 3202 (qui
1317 3126 1361 3184 ibi
1377 3147 1443 3191 mer

668 3213 757 3276 &sum
784 3205 909 3274 Achilles
930 3212 981 3276 esse
1002 3212 1122 3280 videtur,
1150 3212 1381 3292 quiTelephum
1405 3241 1443 3280 vt

666 3304 813 3377 Bacchus).
851 3300 943 3362 Totus
953 3299 1001 3360 ille
1012 3302 1089 3360 locus
1102 3320 1119 3359 a
1131 3321 1158 3361 v.
1186 3321 1259 3381 1239
1273 3306 1441 3373 memorabi

667 3393 765 3454 nudas
775 3405 895 3451 veterum
909 3390 1071 3450 Graecorum
1084 3391 1119 3450 de
1128 3390 1171 3449 hls
1184 3390 1253 3450 locis
1266 3391 1386 3452 notitias
1401 3415 1411 3453 ε
1440 3429 1443 3451 t

667 3501 794 3546 erronem
812 3480 942 3559 excepisse
963 3480 1130 3558 Tyrrhenia,
1155 3501 1210 3560 quo
1224 3479 1339 3541 nomine
1361 3494 1443 3562 po'et

668 3570 783 3634 omnino
790 3583 819 3627 et
830 3568 958 3648 inprimis
969 3570 1030 3629 loca
1040 3571 1075 3628 ad
1086 3569 1212 3628 Tiberim
1225 3570 1368 3653 {seclarare
1378 3565 1442 3650 pot

668 3682 704 3724 ne
720 3657 883 3737 Tyrrheniae
895 3658 939 3716 seu
953 3658 1071 3718 Etruriae
1088 3659 1167 3717 semel
1180 3659 1277 3737 posito,
1297 3659 1354 3719 alia
1372 3662 1443 3725 locs

639 3782 642 3790 ·
666 3750 797 3818 recenset,
815 3748 938 3827 Lynceum
956 3747 1081 3817 fluvium,
1101 3748 1186 3824 Pffam
1205 3764 1229 3804 et
1240 3749 1385 3830 Agyllam.
1439 3766 1443 3803 t

666 3843 763 3907 calidas
774 3862 855 3918 aquas
866 3835 972 3896 ebullire
983 3833 1070 3904 dicat,
1083 3835 1229 3895 Cluverius
1239 3836 1304 3896 Ital.
1319 3851 1385 3897 ant.
1402 3862 1443 3920 pn

663 3947 773 4005 ,omnem
786 3944 857 3983 nunc
873 3924 970 3983 Corm'a
988 3920 1092 3981 dicium
1105 3924 1140 3981 ad
1154 3923 1335 3996 vetulonios,
1356 3927 1443 3990 ultra

667 4014 861 4096 Populonium,
870 4012 1049 4096 probabiliter
1060 4010 1251 4095 interpretatur
1261 4013 1440 4096 Lynceum,
