3966 4920
659 388 728 463 mr
886 358 1418 461 EXCURsUslv

657 570 749 647 major
756 585 868 631 ornatus
881 590 946 650 pars
963 569 1000 628 ab
1010 567 1114 646 ineptis
1126 565 1275 625 verborum
1294 563 1395 623 lusibus
1412 555 1568 621 antestetis
1580 555 1598 615 st

656 663 750 724 uronis
763 664 799 724 ad
811 663 966 723 recentiora
976 661 1063 720 verba
1078 658 1307 738 interpretatione
1319 656 1366 714 vel
1375 651 1526 713 inflexione
1535 649 1598 708 duct

487 750 491 757 ’
568 806 576 826 ,
658 753 737 812 Cum
755 755 831 814 enim
848 766 956 812 veteres
986 751 1068 818 ritus,
1088 763 1119 808 ut
1142 751 1183 815 sit,
1203 762 1231 806 et
1244 747 1327 805 essent
1339 743 1488 805 admodum
1501 735 1598 800 metati

659 843 749 902 cauria
771 862 867 902 eorum
888 841 1087 921 ignoraretur:
1118 837 1283 897 ariolatione
1293 835 1408 896 incerta
1420 832 1501 893 multi
1524 831 1587 891 ritus

660 932 737 991 sacra
747 931 926 1010 interpretari
939 932 1034 990 conati
1048 930 1083 988 ad
1092 929 1246 988 verborum
1254 928 1340 985 iusum
1353 940 1383 984 et
1392 924 1534 1004 originem
1545 939 1598 983 con:

658 1037 763 1100 gerunt
780 1036 809 1080 et
827 1020 893 1082 inde
916 1023 1071 1082 fabularum
1093 1021 1194 1080 caussas
1214 1019 1400 1078 deduxerunt.
1421 1015 1537 1075 'Paffim
1549 1027 1598 1072 tan

659 1111 835 1171 Graecauicae
845 1133 956 1191 quoque
964 1113 1067 1174 faburae
1076 1112 1181 1192 aspersa
1190 1111 1253 1171 sunt
1266 1108 1383 1188 vestigia
1391 1107 1493 1186 aliqua.

616 1232 620 1241 ,
702 1204 745 1261 Ea
758 1204 883 1283 quidem,
902 1226 961 1284 quae
972 1206 1046 1273 VII,
1060 1226 1095 1286 45
1111 1206 1172 1284 sqq.
1192 1203 1397 1282 expofitasunt‚
1410 1200 1446 1259 de
1458 1199 1556 1277 quibus
1568 1198 1598 1257 Er

661 1293 693 1353 V
713 1294 860 1363 videndus,
892 1294 1069 1355 hauddubie
1091 1297 1264 1375 Aboriginum
1284 1294 1331 1352 uei
1354 1295 1505 1352 Latinorren
1524 1290 1598 1350 haber

659 1384 723 1443 sunt
734 1388 826 1463 mythi,
847 1387 897 1466 qui
907 1408 976 1447 mox
990 1387 1065 1449 inter
1086 1388 1211 1448 Albanos
1224 1385 1340 1452 servati,
1360 1383 1473 1443 tandem
1486 1383 1523 1449 ub
1540 1380 1584 1441 bis

551 1526 555 1535 .
660 1474 808 1536 Romanos
831 1491 1027 1556 pervenerunt.
1068 1476 1217 1538 Latinusa
1238 1478 1335 1535 Fauno
1353 1490 1431 1534 ortus
1445 1472 1505 1533 Pici
1515 1491 1598 1550 nepos

664 1566 776 1627 Saturni
789 1568 912 1649 abnepos
925 1570 1073 1648 proditum
1093 1571 1167 1651 quod
1176 1571 1216 1629 ita
1226 1568 1450 1647 intelligendum,
1462 1581 1493 1627 ut
1502 1566 1598 1626 illusio

664 1657 798 1733 majores,
824 1660 913 1740 stirpis
931 1682 1000 1722 vero
1023 1663 1163 1739 ausiorem
1186 1661 1313 1719 ultimum
1333 1662 1481 1719 Saturnum
1505 1660 1598 1718 babae

663 1745 776 1806 Sicini.
798 1767 855 1828 219
875 1751 952 1825 Jove
974 1750 1107 1810 Dardana
1126 1749 1205 1829 pubes
1228 1752 1331 1809 Gaudet
1354 1773 1419 1808 arvo.
1460 1748 1598 1828 Aborigin

661 1837 819 1916 niiimythi
838 1841 915 1900 fuere
928 1841 964 1900 de
983 1840 1070 1917 Jano,
1089 1840 1125 1898 de
1145 1841 1273 1907 Camenis,
1296 1840 1332 1898 de
1351 1841 1430 1898 Anna
1452 1839 1581 1915 Perenna,

667 1929 816 2007 Angerona,
835 1930 870 1988 de
884 1933 989 1999 Carna,
1008 1930 1044 1990 de
1055 1933 1121 2008 Ope,
1137 1930 1297 2004 symbolicae
1312 1929 1504 1995 serenatum,
1528 1928 1598 2006 strip

664 2018 748 2097 rique
760 2019 943 2089 obscuriores,
969 2042 1034 2081 cum
1055 2022 1120 2100 ipsrs
1133 2020 1301 2088 nominibus,
1318 2043 1379 2100 quae
1391 2022 1465 2100 apud
1479 2021 1598 2082 Varrone

666 2108 791 2177 Festum,
812 2109 1002 2178 Macrobium,
1027 2110 1220 2189 Augustinum,
1245 2110 1398 2170 Arnob'ium
1409 2125 1437 2168 et
1451 2110 1517 2170 aiios
1531 2112 1589 2171 sunt

662 2196 778 2267 denda3
799 2213 829 2257 ut
839 2199 909 2259 adeo
922 2201 970 2260 vix
981 2201 1012 2259 fit
1022 2221 1113 2279 operae
1126 2200 1258 2279 pretium,
1271 2198 1364 2260 inillis
1374 2198 1462 2260 o'tium
1471 2202 1598 2260 consume

666 2287 808 2367 inprimis,
828 2310 990 2370 cum‘pauca
998 2291 1110 2369 integra
1120 2311 1152 2349 ac
1164 2291 1238 2359 sana,
1255 2292 1385 2371 pleraque
1396 2294 1560 2352 commentis
1568 2308 1595 2351 et

664 2381 891 2458 terpretarnentis
902 2382 978 2441 soede
988 2380 1176 2440 contaminata
1185 2380 1220 2439 ad
1234 2400 1284 2438 nos
1292 2379 1477 2457 pervenerint.
1511 2383 1598 2441 Certa

669 2471 744 2529 enim
759 2471 798 2530 rb
815 2469 964 2539 historicis,
989 2470 1194 2550 grammaticis,
1208 2484 1238 2528 et
1250 2473 1337 2530 multo
1349 2470 1438 2549 magis
1458 2491 1475 2528 a
1487 2471 1598 2532 douori

664 2558 832 2620 Christianis
842 2561 1024 2621 allaboratum
1034 2563 1083 2628 est,
1096 2575 1128 2619 ut
1139 2560 1330 2639 antiquitatem
1351 2561 1526 2621 obscurarent
1536 2583 1575 2621 ac
1587 2577 1599 2621 t

669 2649 736 2708 tiem
758 2651 868 2729 penitus
892 2652 1096 2732 extipguerent.
1137 2640 1442 2730 Ramitaqueiortun'a
1459 2651 1509 2711 virt
1526 2672 1598 2712 unan

666 2738 787 2799 aiteram
805 2742 910 2800 veteris
928 2741 1018 2801 Italiae
1038 2741 1203 2823 relig-ionum
1223 2741 1482 2820 interpretationem
1507 2743 1598 2802 servan

666 2831 720 2888 etsi
735 2832 797 2891 sunt
818 2833 847 2893 in
868 2834 901 2893 iis
920 2835 1067 2902 nonnulle,
1100 2834 1201 2913 quibus
1220 2835 1376 2915 priscorum
1397 2833 1542 2894 hominum
1563 2836 1598 2893 ser

666 2920 976 3005 symbolicuregregie
1003 2925 1160 2984 illustratur.
1202 2924 1248 2983 Sic
1270 2924 1401 2990 Vulcani,
1428 2923 1476 3001 qui
1501 2924 1576 3005 ignis

668 3028 742 3070 uxor
762 3013 835 3090 apud
857 3015 988 3075 Macrob.
1004 3017 1069 3073 'San
1090 3017 1118 3082 I,
1148 3010 1181 3073 iz
1202 3013 1294 3072 editur
1314 3015 1405 3080 Maia,
1424 3014 1478 3072 hoc
1491 3016 1529 3072 est
1549 3016 1598 3074 Te:

669 3096 771 3162 Mater
781 3098 897 3185 magna,
916 3104 1052 3177 'sedfcum
1063 3105 1177 3165 notione
1193 3106 1306 3162 ansius:
1328 3102 1517 3162 endecadem
1536 3102 1598 3182 Μιι]1

665 3190 746 3249 elisia
772 3191 858 3261 suit„
880 3192 965 3272 Apud
990 3193 1162 3252 Tusculanos
1185 3193 1276 3251 Maius
1303 3210 1364 3251 erat
1384 3191 1504 3269 Jupiter.
1545 3192 1598 3249 Eat

666 3275 739 3340 cum
749 3283 834 3343 maia
845 3285 916 3364 Ops,
935 3286 1009 3342 Bona
1023 3284 1094 3350 Dea,
1108 3283 1212 3369 Fauna,
1225 3283 1326 3349 Fatua,
1345 3274 1458 3341 habitas
1473 3301 1508 3339 v.
1519 3283 1598 3340 Maur

666 3371 745 3431 ibid.
787 3377 920 3434 Vertumni
938 3387 967 3432 et
986 3376 1102 3434 Prmrnae
1117 3374 1215 3432 ¹fabula
1233 3392 1269 3432 ert
1288 3372 1348 3452 ipso
1361 3371 1472 3432 nornine
1489 3372 1582 3431 iucem

668 3463 739 3523 bet:
760 3484 822 3525 eanr
837 3485 867 3524 v.
888 3466 962 3544 apud
973 3466 1111 3525 Ovidium
1122 3481 1151 3524 et
1160 3458 1287 3543 Propert.
1301 3466 1357 3533 IV,
1372 3487 1400 3524 2.

715 3556 770 3615 Sed
782 3555 811 3614 in
823 3555 981 3615 hisfabulis
997 3576 1101 3635 magna
1114 3557 1185 3614 fasta
1203 3557 1255 3614 effe
1265 3555 1377 3615 videtur
1392 3554 1563 3635 petnrbatio,
1592 3581 1598 3632 q

670 3663 733 3706 ruer
750 3645 967 3723 potiffimum,si
994 3647 1066 3704 resie
1082 3643 1190 3722 judico,
1208 3648 1295 3704 modis.
1335 3647 1461 3712 Primum,
1479 3664 1555 3712 cum,
1575 3663 1598 3702 ct

644 3776 650 3783 »
675 3736 754 3796 muni
772 3735 839 3796 licet
852 3734 932 3815 stirpe
949 3735 1072 3798 oriundi,
1097 3734 1200 3792 diversi
1221 3749 1316 3793 tamen
1337 3750 1367 3793 et
1385 3756 1436 3814 per
1455 3735 1546 3794 varias
1568 3736 1598 3792 Ir

670 3842 768 3906 partes
787 3824 908 3905 dispersu,
925 3825 1024 3904 populi
1042 3825 1170 3903 proprios
1183 3823 1295 3903 quisque
1306 3825 1437 3902 quosdam
1446 3826 1507 3884 suos
1516 3824 1598 3883 'habe

618 3944 623 3961 r
670 3919 807 3995 mythos:
834 3914 870 3973 ad
893 3915 1063 3994 Aborigines
1085 3915 1132 3973 seu
1147 3913 1270 3974 'Latinos
1289 3934 1335 3973 eos
1347 3916 1456 3976 trahere
1470 3915 1557 3975 serior
1572 3935 1598 3974 ct

570 4072 575 4087 Ι
672 4020 752 4074 atas,
776 4005 958 4085 inprimisque
972 4027 989 4065 e
1004 4006 1138 4064 Romanis
1162 4004 1283 4084 quisquis
1306 4020 1416 4065 veteres
1439 4005 1565 4066 historias
1590 4020 1598 4064 t

672 4095 822 4174 empserat.
857 4095 1004 4155 Videndus
1014 4096 1044 4155 in
1053 4097 1125 4154 hanc
1135 4115 1194 4154 rem
1204 4094 1330 4174 inprimis
1341 4094 1417 4154 Sext.
1432 4094 1598 4155 Aurenviu

673 4184 741 4248 add.
767 4184 844 4244 locus
857 4184 978 4246 Tactaae
994 4184 1033 4244 ad
1055 4184 1199 4264 Lycophr.
1224 4202 1310 4263 1232,
1330 4203 1412 4261 quem
1427 4183 1463 4243 ad
1475 4178 1598 4244 Dionem

1572 4283 1598 4328 tr
