3450 4964
610 290 706 425 Au
733 336 1005 424 itanum
1034 304 1129 420 ‘xri
1284 371 1350 449 723

331 507 448 609 qu„
486 538 608 620 etipse
632 544 727 602 AEneas
747 545 825 602 Iliad.
847 571 869 610 ε,
891 548 950 618 318.
973 562 1038 619 344.
1078 546 1242 604 ornamenta
1257 558 1350 602 autem

316 592 464 689 Maro
492 629 672 703 conquisivit
696 631 833 705 ingeniose
852 649 884 685 ac
904 630 1057 703 diligenter.
1107 631 1245 687 Amadum·
1262 629 1350 686 edidit

307 703 531 778 Apollinis
560 714 696 789 lapidem,
734 715 841 772 Amatis
863 714 932 786 enim
955 733 971 769 a
990 715 1016 768 se
1035 716 1124 788 pueris
1138 731 1165 772 et
1177 736 1221 790 pur
1229 717 1270 771 llis
1291 715 1349 770 suaa

293 807 432 867 grtes
456 797 549 873 saepe
566 817 621 856 aut
633 800 789 875 promittunt
802 815 851 855 aut
862 802 1014 876 largiuntur
1026 802 1064 857 dii
1078 802 1150 876 apud
1163 806 1274 876 poetam
1293 820 1349 858 non
1437 832 1445 839 ·

283 875 345 951 in
351 880 428 938 sua
435 904 484 941 ve
498 887 694 962 figmentum,
707 888 809 962 quoties
820 887 951 959 excellere
963 874 1079 961 aliquem
1091 889 1118 943 in
1132 902 1188 943 arte
1202 888 1245 943 sua
1257 889 1350 944 dicere

263 967 461 1027 volunt
500 974 633 1047 poetaess
659 989 706 1047 pro
721 991 773 1046 quo
786 970 845 1026 aliia
866 969 929 1027 locis
951 971 1112 1027 contendisse
1134 992 1194 1028 eum
1214 990 1275 1029 cum
1295 972 1349 1027 deo

271 1053 453 1113 dicere
486 1057 609 1113 solent.
652 1056 720 1112 lllud
735 1076 799 1112 vero
811 1058 937 1129 praeclare
951 1058 1060 1120 fidium,
1082 1058 1166 1132 quod,
1188 1077 1249 1115 cum
1262 1060 1350 1115 caussa

267 1140 504 1216 optionis·
514 1146 596 1199 esset
610 1143 793 1222 memoranda,
807 1162 858 1198 cur
871 1144 943 1217 lapis
955 1158 1041 1201 artem
1052 1145 1185 1201 medicam
1197 1146 1350 1218 praetulisset
1397 1186 1400 1195 ·

264 1224 464 1286 arr-tibus
482 1290 486 1299 ¹
502 1229 693 1306 augurandi,
720 1220 824 1303 cithara
850 1229 960 1285 canendi
981 1245 1007 1285 et
1030 1232 1176 1302 jaculandi,
1196 1233 1230 1288 ab
1253 1234 1349 1289 affedsu

304 1315 470 1374 ietatis
494 1335 581 1372 eam
592 1316 677 1389 petiit
699 1317 799 1389 po'e‘ta:
834 1331 860 1369 ut
882 1319 978 1391 depoſsti
995 1324 1121 1391 proferret
1135 1324 1204 1389 ‚fata
1221 1326 1349 1389 parentis.

255 1334 350 1459 ge
384 1407 517 1459 mutis
537 1401 654 1458 artibus
673 1415 699 1455 et
717 1405 848 1463 medicina,
867 1418 934 1456 muta
947 1420 1013 1463 arte,
1032 1404 1118 1456 multa
1126 1401 1257 1473 disputata
1270 1405 1349 1471 sunt3

250 1488 497 1563 pleraque
518 1500 641 1561 argute
656 1484 742 1559 magis
755 1505 836 1558 quam
847 1504 919 1540 vere.
957 1489 1030 1547 Nam
1041 1488 1075 1543 sil«
1084 1486 1171 1541 ntium
1183 1488 1351 1547 medicorum

249 1595 319 1633 ex
337 1577 453 1649 jure
452 1595 472 1646 J
481 1572 628 1643 urandol
638 1569 811 1644 Hippocratis
826 1572 870 1626 vei
882 1591 916 1627 cx
929 1571 1014 1643 adytis
1026 1571 1221 1645 AEgyptiurum
1233 1573 1350 1631 alienum

245 1658 485 1739 jarofeeto
515 1677 541 1712 a
574 1657 714 1729 poetaest.
753 1658 819 1711 Erat
834 1656 923 1711 saltem
937 1676 1018 1712 uuum
1036 1657 1100 1712 illud
1115 1676 1149 1712 ex
1164 1657 1298 1714 Servianis
1310 1675 1351 1715 te·

243 1739 476 1805 hendur‘n
496 1766 507 1799 ε
542 1759 630 1799 artes
650 1757 730 1797 mutas
748 1743 797 1796 esse
816 1744 921 1799 musicae
933 1744 1154 1816 comparatione:
1176 1758 1230 1798 non
1246 1747 1352 1802 vocales

241 1849 298 1892 et
323 1849 575 1905 canorae.¹
605 1826 689 1904 de
702 1826 824 1903 sequutus
845 1847 952 1902 quoque
965 1831 1000 1883 est
1020 1842 1048 1883 et
1070 1827 1212 1883 illustravit
1225 1829 1351 1891 Gronov.

241 1919 310 1977 ad
338 1916 497 1975 Statii
518 1913 637 1970 Theb.
651 1915 704 1976 IV,
721 1920 790 1988 1833
810 1934 896 1988 neque
910 1914 1053 1987 quicquam
1072 1915 1121 1975 est,
1143 1911 1217 1987 quod
1237 1934 1298 1972 cum
1309 1921 1352 1976 lo.

240 2002 438 2084 quendi
483 1998 563 2056 usu
580 1997 672 2073 magis
685 2000 836 2075 conveniat.
877 1999 1006 2054 Defidero
1025 2013 1116 2055 tamen
1129 1999 1195 2060 hoc,
1221 2002 1291 2070 quod
1317 2005 1354 2062 fic

239 2109 382 2152 mutae
406 2103 539 2145 artes
573 2097 681 2140 tantum
695 2086 740 2141 uni
753 2087 885 2145 extribus
899 2085 1010 2149 artibus,
1034 2102 1099 2161 quas
1110 2085 1255 2145 contemsit
1268 2090 1354 2163 lapis,

237 2161 569 2254 ⁸respondent,
597 2169 699 2248 scilicet
724 2171 838 2226 musica.
878 2169 1024 2241 Adjedium
1045 2171 1111 2226 illud
1130 2167 1254 2241 inglorius
1276 2174 1355 2232 vide.

239 2266 389 2330 batur
430 2260 555 2318 mihi
585 2258 678 2333 potius
700 2259 837 2314 notionem
865 2266 898 2313 τᾶ
926 2273 1005 2313 murus
1025 2259 1199 2318 constituere,
1228 2270 1257 2312 ut
1278 2282 1356 2321 mutae

237 2371 363 2415 artes
390 2337 589 2405 sollemni
605 2343 691 2416 figura
704 2343 827 2406 nonsmt,
841 2361 901 2416 quae
921 2342 1005 2405 silent,
1028 2343 1069 2400 sed
1089 2363 1153 2418 quae
1172 2336 1289 2408 silentur,
1309 2351 1357 2406 vel

238 2426 461 2503 faciunt,
500 2443 551 2485 ut
569 2428 602 2490 ii,
625 2428 668 2501 qui
680 2447 723 2483 eas
733 2429 834 2490 colunt,
847 2429 989 2483 sileantur:
1011 2446 1052 2486 aru
1066 2431 1171 2511 nullam
1190 2427 1357 2490 sananda.

173 2558 179 2563 .
239 2535 369 2590 ‘tm-a,
409 2522 480 2575 de
514 2533 595 2590 qua
616 2514 726 2591 silebunt
743 2514 864 2569 homines
881 2532 888 2565 z
908 2511 1030 2585 inprimis
1043 2538 1076 2574 ex
1089 2516 1178 2576 istius,
1205 2525 1357 2592 quopoe'ta

238 2596 473 2673 vivebat,
518 2596 632 2655 saeculi
657 2601 792 2675 opinione,
819 2618 883 2656 curn
904 2600 1065 2661 medicinam
1088 2616 1198 2661 tantum
1217 2602 1282 2673 servi
1308 2612 1356 2670 vel

238 2694 409 2762 liberti
429 2709 492 2748 ac
512 2687 635 2743 Graeci
645 2701 803 2745 exercerent
814 2709 823 2751 ς
837 2704 901 2741 cum
912 2701 1006 2744 contra
1016 2692 1205 2749 celebritatem
1215 2706 1240 2745 et
1252 2692 1364 2777 samm

239 2776 367 2847 inter
418 2771 615 2832 hominen
633 2771 736 2855 datura
762 2772 871 2827 luissent
894 2785 964 2827 artes
983 2779 1147 2852 augurandi,
1173 2775 1311 2847 jaculandi
1324 2802 1356 2846 et

239 2875 434 2934 cithara
483 2859 651 2917 canendi.
700 2859 773 2932 Quid
794 2856 919 2914 enimin
943 2860 1053 2923 heroum
1078 2869 1138 2924 vita
1161 2865 1284 2925 illustrius
1309 2875 1354 2931 his

240 2957 427 3021 artibus
444 2952 465 3004 ?
532 2945 637 2998 Porro
650 2944 787 3018 antiquum
801 2959 907 2997 morem
922 2947 1003 3014 podia
1015 2954 1107 3009 retulit
1125 2951 1158 3007 in
1170 2949 1268 3007 amictu
1282 2975 1289 3008 z
1309 2979 1352 3012 re.

237 3050 351 3107 to'rto
367 3036 607 3107 succinBus
620 3036 731 3084 amicius
751 3029 853 3084 medici
867 3026 941 3083 enim
951 3032 1009 3089 sere
1019 3038 1137 3111 palliati,
1152 3034 1235 3091 etiam
1245 3038 1351 3110 Romae,

239 3120 476 3205 quandoq
483 3112 616 3189 uidem
628 3110 721 3169 Graeci
734 3116 790 3171 fere
800 3129 881 3169 erant
891 3131 1001 3185 genere.
1041 3124 1149 3180 Obvius
1164 3124 1350 3193 quoqueidem

155 3266 158 3275 ‚
236 3199 515 3280 AEsculapii
539 3196 664 3254 habitus
677 3198 703 3254 in
720 3217 842 3261 veterum
863 3199 986 3273 figniset
1005 3212 1100 3267 numis.
1144 3207 1349 3281 Qiodpallium

201 3356 206 3365 Ἰ
235 3302 497 3363 ¹qum-quet
518 3296 565 3336 et
578 3281 726 3357 succingit,
736 3285 923 3362 chirurgicam
932 3307 1041 3362 operam
1052 3313 1079 3353 et
1088 3297 1173 3371 ipsum
1185 3295 1282 3367 arguit,
1293 3316 1348 3361 non

235 3377 486 3448 medicam
506 3390 521 3432 ;
557 3366 617 3420 etsi
629 3369 751 3428 omnibus
764 3376 877 3431 omnino
887 3373 959 3430 idem
971 3397 1029 3436 erat
1041 3382 1204 3443 faciendum,
1217 3382 1263 3454 qui
1275 3385 1346 3448 lead

236 3456 554 3539 ministerium
574 3452 627 3507 vel
640 3472 705 3526 opus
718 3462 911 3535 accingebant.

301 3535 601 3621 Ingeniosum
615 3538 720 3607 prorsus
730 3545 766 3597 est
776 3556 962 3602 commentum
969 3545 1003 3601 de
1011 3552 1144 3614 dietmar,
1154 3550 1227 3622 cujus
1237 3553 1344 3624 succum

234 3658 341 3705 cum
358 3620 591 3687 ambrosia
609 3634 637 3671 et
649 3640 771 3693 panacea
782 3635 854 3687 clam
873 3628 1000 3687 admiscet
1012 3636 1103 3692 Venus
1115 3655 1202 3709 aquae;
1220 3657 1270 3712 qua
1282 3652 1343 3706 vul-

235 3747 319 3794 nus
342 3717 517 3775 AEneae
539 3703 677 3758 fovetur.
720 3712 864 3771 Substituit
875 3716 954 3784 poeta
968 3715 1130 3775 dictamnum
1152 3727 1274 3797 τῇπικςᾱ
1290 3734 1342 3808 fig„

237 3806 362 3890 apud
379 3795 627 3855 Homerum
639 3788 765 3860 Iliad-a,
788 3806 854 3873 845,
875 3815 927 3868 qua
947 3798 1084 3856 Patroclus
1098 3790 1345 3878 Eurypyli'uulner'i

238 3893 479 3966 ¹¹ednettml',
514 3890 678 3948 quamque
700 3892 865 3951 gentianam,
889 3881 954 3936 olim
976 3883 1134 3944 Chironium
1159 3889 1266 3963 dietam,
1291 3906 1342 3960 effe

889 3965 916 4019 Ζ
930 3984 946 4020 ²
966 3984 981 4021 ²
1252 3976 1343 4050 docuit
1356 3994 1360 3999 '
