3848 4918
700 417 774 516 310
844 354 1491 477 1³.vrnort11'urronrt

705 606 832 683 Unum
846 624 930 678 oto:
956 605 1117 702 genetrix
1132 604 1264 676 Priami
1282 602 1325 675 de
1338 620 1427 702 gente
1439 610 1492 679 vet

703 741 768 814 Est
785 742 886 828 mihi,
901 765 1008 838 quam
1025 740 1188 813 miseram
1200 744 1313 815 tenuit
1321 765 1384 814 non
1396 741 1455 812 Ilia
1465 758 1493 815 tr

707 877 857 981 Mecum
876 876 1118 965 excedentem,
1134 903 1206 952 non
1223 878 1446 974 moeniaregis
1461 878 1493 950 A«

706 1008 815 1085 Hanc
830 1034 898 1106 ego
914 1034 1008 1081 nunc
1026 1011 1184 1106 ignaram
1200 1006 1304 1106 hujus
1318 990 1494 1105 quodcumq

852 1139 900 1214 cli
917 1140 966 1212 est

638 1314 642 1323 ·
706 1276 821 1374 Inque
837 1278 1022 1351 salutatam
1039 1277 1184 1373 linqu03
1210 1276 1308 1363 Nor,
1320 1295 1353 1349 et
1368 1293 1423 1349 tua
1437 1276 1496 1350 tell

707 1391 1166 1509 Dexterasquodnequeam
1179 1413 1339 1512 lacrimas
1350 1414 1488 1510 perferre

706 1542 760 1627 At
776 1558 826 1627 tu,
841 1567 915 1630 oro,
931 1540 1039 1615 solare
1054 1544 1211 1641 inopem,
1225 1561 1261 1616 et
1277 1544 1429 1618 succurre
1440 1544 1497 1621 rell

683 1696 687 1701 ‘
706 1684 818 1757 Hanc
834 1685 906 1759 fine
922 1658 1093 1782 ‘mespem
1111 1686 1198 1759 ferre
1215 1685 1288 1757 tui:
1313 1686 1487 1759 audentior

706 1817 752 1891 In
767 1819 864 1893 casus
881 1822 1011 1894 omnis.
1062 1821 1222 1895 Percuffa
1237 1842 1354 1895 mente
1368 1825 1499 1898 dederui

707 1959 924 2049 Dardanidae
941 1961 1120 2051 lacrimas:
1132 1946 1135 1953 ’
1145 1975 1230 2048 ante.
1241 1960 1355 2045 omnis
1371 1963 1498 2056 pulche

706 2095 829 2206 Atque
844 2095 1006 2177 animum
1020 2095 1146 2193 patriae
1163 2093 1302 2184 strinxit
1319 2097 1454 2204 pietatisu
1473 2099 1500 2170 ir

708 2267 805 2327 Fortuna
814 2267 908 2335 secunda
923 2268 973 2316 Aut
985 2266 1077 2334 adverfia
1094 2267 1166 2316 cadat.
1200 2267 1236 2314 lta
1245 2264 1351 2317 insulem
1364 2267 1436 2332 habet
1446 2272 1501 2327 orat]

708 2341 740 2389 de
757 2359 796 2390 me
816 2343 924 2406 polliceri
945 2344 1032 2401 audeo,
1052 2358 1200 2407 quaecunque
1216 2342 1312 2391 fortuna
1333 2342 1454 2406 acciderit,
1473 2345 1501 2394 ser

708 2419 825 2477 secunda3
841 2419 881 2467 sed
897 2435 941 2483 pro
957 2419 1051 2484 vulgari
1064 2421 1103 2487 scu
1115 2421 1207 2468 dicium
1218 2434 1266 2471 aut.
1299 2420 1367 2468 Tum
1380 2406 1502 2488 argueiitc

709 2493 750 2542 sed
762 2508 805 2557 nec
816 2491 972 2559 ineleganter.
1002 2490 1092 2541 ‘Altera
1103 2493 1135 2542 est
1147 2493 1228 2551 lectio,
1242 2495 1304 2543 baud
1311 2512 1335 2545 a.
1348 2515 1379 2554 c.‚
1395 2496 1461 2559 quod
1473 2498 1502 2544 H<

691 2612 694 2619 .
710 2560 809 2647 aliisque
820 2569 935 2635 praetulit,
950 2568 967 2617 fi
978 2569 1051 2627 modo
1063 2570 1172 2619 codicum
1184 2570 1312 2619 audieritas
1323 2572 1347 2620 in
1360 2574 1403 2621 tali
1416 2590 1475 2621 voce
1487 2594 1501 2623 a

691 2701 694 2704 ⁴
710 2663 800 2712 magna
811 2642 851 2695 e'n.
865 2645 964 2694 Mentel.
975 2662 1012 2710 pr.
1025 2647 1177 2715 Rauda-versu
1188 2648 1253 2701 cadit.
1265 2648 1301 2696 Sic
1313 2649 1502 2716 interpungendi

710 2725 886 2788 qne-arguerit.-
904 2735 985 2770 tantum
996 2724 1091 2787 fortuna
1100 2723 1201 2789 ficunda,
1222 2726 1292 2772 Haud
1307 2725 1404 2793 adversa
1426 2727 1493 2775 cadat

710 2798 811 2864 quidem¹
831 2800 906 2856 seusu,
922 2798 1031 2863 jejunum
1051 2801 1085 2850 est
1105 2800 1177 2850 illud:
1196 2801 1298 2870 secunda,
1314 2804 1376 2852 haud
1393 2805 1498 2872 adversa.

709 2878 820 2956 quierem
836 2875 945 2923 revocavi
956 2891 1012 2923 cum
1028 2873 1156 2925 Bruncltio.
1190 2876 1326 2941 Respondet
1346 2893 1373 2925 v.
1393 2892 1443 2944 299
1456 2880 1502 2949 casn

710 2969 797 3030 quatur.
828 2951 929 3015 Accepit
947 2961 1027 3003 tamen
1047 2952 1078 3000 fic
1093 2952 1173 3005 locum
1192 2952 1266 3001 etiam
1285 2954 1450 3015 Symmachus
1464 2954 1500 3002 lib

710 3029 810 3081 Heinlio
829 3028 950 3086 laudatum
967 3039 991 3076 ct
1002 3029 1079 3094 potest
1090 3028 1174 3092 aliquit
1185 3044 1241 3076 cum
1251 3030 1283 3077 V.
1297 3030 1325 3077 C.
1340 3029 1461 3094 Briegleb
1474 3031 1502 3079 lla

709 3095 785 3159 animi
796 3103 976 3171 praelenfionem
988 3115 1012 3153 et
1023 3105 1167 3173 praesagium
1185 3103 1286 3152 infelicis
1297 3105 1377 3155 exitus
1388 3106 1429 3154 hia
1439 3107 1503 3155 verb

685 3207 687 3212 ’
709 3203 754 3247 ψη
763 3186 831 3253 supf'
849 3179 954 3253 Parthis.
969 3180 1011 3249 sed
1020 3196 1039 3230 te
1051 3183 1111 3230 ultra
1126 3199 1145 3232 o.
1164 3179 1388 3239 Vcatiss.--·287.
1409 3181 1502 3247 cstinl

710 3278 736 3317 et
752 3264 805 3313 aliis
824 3260 887 3311 Pier.
904 3270 929 3306 ct
944 3248 1150 3309 Heins.·—-288.
1174 3274 1215 3307 nox
1233 3270 1254 3306 ιι
1272 3270 1311 3306 trra
1327 3257 1389 3324 njles
1409 3262 1502 3309 Dexter

709 3353 831 3403 ...apo
848 3340 913 3386 Hanc
932 3350 956 3401 ιι
971 3335 1062 3398 aliquot
1083 3335 1145 3383 l‘ier.
1167 3346 1191 3383 et
1211 3336 1294 3382 Burm.
1316 3350 1376 3382 cum
1398 3335 1483 3383 Goth.

711 3417 813 3464 Oudart.
831 3429 845 3460 a
860 3412 946 3475 m.'pr.
979 3414 1044 3477 Hunc
1055 3425 1076 3459 te
1085 3430 1120 3460 oro
1132 3410 1228 3459 Zulich.
1264 3411 1368 3460 ‘Tuvero
1377 3412 1403 3477 s.
1425 3413 1502 3461 Goth

709 3494 760 3542 Aut
767 3493 815 3554 stne
826 3507 856 3536 ιιι
868 3490 925 3537 Exc.
946 3489 1029 3536 Burm.
1061 3507 1102 3554 quo
1118 3489 1228 3538 audentior
1248 3489 1324 3546 Vem,
1345 3486 1502 3552 interpolat«

708 3559 924 3629 tuetursententiae
936 3563 1037 3612 clausola
1057 3577 1081 3612 et
1100 3564 1213 3628 loquendi
1236 3561 1410 3612 intervallum.
1446 3567 1502 3614 trud⁴

710 3655 831 3705 ..-29n
847 3642 947 3706 Rercuffa
965 3639 1049 3688 Heius.
1066 3639 1119 3706 post
1137 3640 1200 3707 Pice,
1214 3640 1308 3708 ecodd,
1330 3639 1502 3697 vindicavitz

705 3728 760 3793 [um.
794 3721 861 3767 Tum
871 3716 1043 3784 dedereMcdlc.

709 3849 775 3910 huic
794 3847 860 3910 fotti
881 3848 953 3906 facio
975 3862 1032 3908 tota
1045 3846 1173 3918 vitamet
1261 3844 1326 3928 2'94.¹
1364 3848 1486 3919 Locut,

709 3930 742 3995 lit
759 3926 949 3985 consentanea:
970 3925 1173 3991 fivebonaliue
1221 3925 1305 3989 soclus
1332 3928 1459 4003 plenus,
1499 3928 1502 3983 ἕ

709 4004 820 4063 adversa
834 4003 941 4060 fortuna
953 4000 983 4064 in
994 4021 1027 4061 co
1038 4020 1173 4079 exequen-
1219 4003 1316 4060 definit
1327 4023 1366 4061 ex
1383 4002 1502 4063 intimis

709 4080 747 4149 do
773 4080 832 4138 usus
856 4080 942 4137 fuero.
973 4078 1011 4137 cl.
1044 4078 1112 4138 Var.
1137 4079 1172 4138 L.
1219 4078 1269 4137 bus
1282 4081 1454 4158 repetitam.

710 4155 757 4218 Ad
785 4156 891 4231 pietatis
916 4153 1019 4214 sensum
1048 4158 1175 4237 praclatp
1220 4154 1371 4243 cogitatio,
1401 4158 1502 4234 adooc

708 4233 780 4339 lton
794 4231 1030 4332 {rotomorum
1221 4245 1285 4309 tatu
1306 4233 1365 4310 fua
1393 4235 1432 4305 iu.
1460 4253 1502 4315 ua
