3608 4914
684 349 755 444 42⁸
810 339 853 415 P.
901 332 1194 411 VIRGILII
1236 333 1387 411 Man

684 537 838 635 Insignis
856 531 1036 630 Melsapus
1054 532 1167 630 equis,
1217 532 1388 632 Expellet

685 676 795 749 Nunc
813 673 863 760 hi,
885 679 984 744 nunc'
996 668 1071 743 illi:
1097 686 1252 745 certatur
1269 669 1389 741 limine

686 809 870 884 Ausoniae.
921 807 1061 903 Magno
1077 803 1254 881 discordes
1271 808 1390 879 aethen

687 944 824 1019 Proelia
839 966 903 1017 ceu
920 940 1062 1027 tollunt,
1085 939 1213 1011 animis
1230 957 1266 1012 et
1282 937 1391 1009 viribi

644 1098 647 1107 “
686 1080 775 1159 Non
789 1077 855 1176 ipsi
868 1078 960 1149 inter
973 1074 1020 1163 se,
1036 1098 1108 1147 non
1123 1074 1255 1161 nubila,
1267 1099 1340 1147 non
1353 1099 1392 1146 m

687 1212 832 1309 Anceps
845 1235 966 1308 pugna
982 1208 1067 1293 diu;
1093 1208 1182 1281 stant
1200 1209 1323 1285 obnixi
1337 1235 1392 1283 on

645 1403 651 1409 -
688 1347 801 1444 Haud
812 1346 914 1418 aliter
929 1341 1097 1451 Trojanae
1109 1344 1199 1427 acies
1213 1342 1378 1439 aciesque

723 1553 781 1600 354.
798 1541 880 1609 Iasonis
898 1539 937 1589 M.
956 1536 1188 1606 habal—355.
1206 1539 1271 1595 limite
1290 1536 1392 1586 Zulich.

689 1629 707 1664 a
717 1630 752 1666 m.
765 1617 925 1683 pr.--356.
943 1618 1028 1685 Magno
1044 1632 1128 1681 aqum
1142 1614 1272 1680 suspimtur
1290 1616 1390 1676 Burin„

689 1714 730 1744 non
742 1715 807 1746 mare.
839 1696 916 1760 Atqui
926 1682 1032 1759 sequitur
1048 1709 1143 1758 quoque
1152 1712 1191 1741 non
1201 1695 1279 1745 nubila.
1312 1695 1394 1758 Vixp

688 1773 747 1822 tari.
781 1775 891 1851 lelagnum
919 1791 977 1822 mare
1002 1772 1067 1820 idem
1093 1772 1265 1835 interpretatur
1292 1774 1396 1836 tempest

627 1864 629 1867 ’
688 1850 779 1898 ventis.
812 1850 1001 1917 Magnosfluklus
1016 1849 1109 1904 lucum
1125 1848 1218 1898 sensum
1234 1850 1281 1898 dici
1298 1864 1348 1898 non
1369 1851 1396 1898 di

690 1928 735 1976 vix
745 1938 818 1991 puto:
836 1920 876 1976 sed
890 1927 920 1975 lic
935 1927 1023 1975 dicitur
1038 1943 1083 1992 pro
1097 1912 1162 1990 vasto
1173 1926 1320 1992 mari—rs
1322 1941 1364 1990 57.
1380 1948 1397 1977 α

691 2005 782 2055 Mallet
802 2003 873 2063 forte,
892 2004 971 2068 inquit
990 2005 1149 2062 Burmannus,
1166 2004 1207 2068 qui
1226 2004 1299 2052 modo
1320 2023 1397 2071 qquor

691 2080 819 2148 prurigine
829 2074 938 2141 laborans
949 2081 1034 2145 aliquio
1044 2082 1084 2129 hic
1093 2081 1172 2145 legere
1183 2085 1250 2148 φὶ.
1284 2082 1332 2130 Sed
1339 2081 1398 2129 dod

691 2172 740 2221 que
752 2155 850 2219 quidem
858 2157 923 2205 rede
935 2156 990 2215 dici,
1000 2156 1041 2207 sed
1051 2157 1156 2222 Virgilio
1165 2156 1275 2221 placuille
1286 2157 1392 2206 alterum

690 2230 718 2282 in
736 2232 803 2290 locis,
816 2228 841 2285 γ’.
861 2250 881 2282 c.
894 2232 937 2281 inl.
952 2233 1132 2294 431.--358.
1149 2236 1217 2282 Nunc
1233 2234 1258 2281 in
1272 2233 1326 2281 edd.
1346 2245 1397 2283 ant.

690 2311 746 2360 cedit
764 2325 855 2359 omnen.
886 2310 962 2377 cedunt
978 2308 1070 2357 Medic.¹
1091 2325 1105 2356 a
1127 2323 1160 2356 m.
1181 2300 1230 2373 pe,
1257 2309 1329 2373 idque
1352 2311 1399 2358 Hei

691 2387 888 2451 cupidiua.--7-3
890 2400 931 2450 59.
948 2387 1017 2434 obnixi
1028 2397 1051 2433 et
1063 2386 1122 2434 olim
1133 2385 1226 2434 editum
1237 2386 1293 2435 inde
1307 2385 1338 2434 ab
1349 2387 1400 2435 Ald

664 2478 670 2493 ⁸
690 2463 774 2514 melin.
787 2479 800 2511 e
812 2462 888 2511 Palat.
900 2463 976 2510 obnixa
987 2461 1079 2527 intulit)
1094 2472 1118 2511 et
1130 2454 1256 2511 redudium
1268 2462 1297 2511 ab
1318 2463 1400 2512 Heiuli

689 2540 749 2597 tius,
766 2554 810 2604 per
825 2537 977 2603 graecismum
985 2539 1046 2604 stant
1062 2551 1133 2586 contra
1149 2539 1216 2587 venti
1236 2539 1305 2588 obnixi
1326 2540 1400 2605 (ml

687 2613 801 2677 lediionis
818 2613 948 2679 audioritae
967 2611 1031 2677 apud
1047 2611 1191 2661 Arufianum
1211 2614 1334 2663 Meffium.
1374 2618 1400 2663 0:

688 2692 741 2741 fere
758 2690 829 2740 codd.
846 2704 902 2738 cum
913 2690 1024 2737 Romano
1032 2699 1056 2737 et
1069 2689 1179 2739 Mediceo
1187 2692 1276 2750 obnixa3
1293 2696 1399 2743 ut'omnia

689 2778 731 2818 tur
750 2766 792 2815 libi
808 2766 921 2824 invicem,
935 2781 1001 2814 mare
1019 2765 1106 2824 ventis,
1124 2767 1191 2815 venti
1208 2768 1270 2816 mari
1286 2779 1311 2817 et
1327 2768 1358 2818 fic
1376 2785 1400 2834 p(

689 2845 771 2902 codd„
785 2843 907 2908 inquibus
920 2844 990 2894 obnixi
1000 2842 1098 2908 legitur,
1115 2844 1230 2909 scriptum
1242 2845 1303 2895 illud
1319 2847 1345 2894 in
1355 2847 1399 2895 litu

687 2921 779 2973 Hamb.
792 2932 816 2968 et
829 2921 922 2971 Moret.
941 2932 998 2971 tert.
1017 2932 1042 2970 et
1054 2920 1130 2971 Goth.
1149 2939 1186 2986 pr.
1203 2922 1233 2971 de
1249 2923 1336 2988 quibus
1346 2924 1372 2973 id
1383 2941 1400 2972 n

687 2999 776 3048 obnuda
794 2997 838 3045 sec.
850 2997 966 3046 Rottend.
1000 2998 1110 3047 Retraxit
1126 3000 1202 3057 alaim
1220 3001 1384 3065 Cuniugham.

687 3076 743 3129 sane
753 3086 854 3140 utraque
864 3074 946 3133 leolio,
963 3091 1013 3139 quo
1023 3075 1047 3125 se
1062 3077 1215 3133 commendet
1225 3089 1250 3128 et
1264 3093 1312 3143 quo
1323 3072 1347 3128 se
1366 3090 1400 3128 tu<

687 3152 1005 3211 crorunaciessec.Rottend.

685 3296 916 3379 ,354.Expelle‘re;
937 3298 999 3357 loco
1012 3298 1155 3378 depellete,
1201 3301 1245 3370 fit,
1269 3300 1342 3380 quod
1373 3323 1400 3362 e(

687 3396 807 3433 movere.
850 3375 975 3434 Laudant
1006 3376 1091 3438 Iliad.
1121 3407 1154 3452 μ,
1221 3392 1303 3436 artem
1328 3378 1399 3459 impe

713 3472 745 3531 17
760 3452 800 3585 fg.
1199 3400 1315 3524 lcilicet,
1334 3456 1400 3515 done

730 3549 765 3607 35
813 3529 853 3607 sq.
886 3529 1063 3609 Comparatio
1089 3552 1155 3609 prae-
1200 3532 1237 3590 bo
1250 3532 1377 3608 erumpit.

687 3605 818 3664 liantium
838 3624 902 3664 cum
923 3606 1009 3667 ventis
1029 3607 1155 3673 Homero
1202 3610 1268 3685 360.
1288 3609 1400 3686 haeretp

677 3682 867 3762 frequentata,
899 3703 927 3741 v.
954 3702 980 3740 c.
1005 3682 1087 3743 Iliad.
1119 3713 1153 3753 π,
1201 3686 1400 3753 νεῐῖυε,11ὶεά.ι

709 3762 869 3839 65-771,
901 3775 929 3817 et
961 3759 1053 3818 Ennio
1080 3765 1153 3840 apud
1201 3775 1255 3823 taeo
1280 3765 1397 3841 exprelli.

684 3781 815 3896 llacrob.
836 3836 890 3902 Vl,
913 3859 942 3902 2,
962 3856 1034 3894 nunc
1052 3858 1067 3895 a
1086 3841 1152 3898 Ma·
1201 3839 1340 3915 Tyrtaeuin
1350 3860 1376 3917 p.
1387 3862 1400 3915 3

685 3933 752 3971 tone
764 3913 803 3972 ita
825 3929 932 3984 ornata,
949 3929 979 3972 ut
992 3913 1062 3971 nihil
1075 3915 1152 3996 supra
1200 3915 1276 3977 dam.
1314 3916 1400 3974 Ennio

685 3990 802 4066 cogitari
831 3992 917 4069 poffit.
971 4009 1037 4070 359.
1066 3995 1151 4054 obnixi
1193 4013 1282 4057 ‚nemt
1303 3997 1350 4053 Pes
1358 4010 1400 4069 pec

683 4076 759 4155 vuenti
780 4084 864 4131 cotnra
889 4079 990 4153 omnia:
1020 4080 1051 4129 ut
1079 4071 1149 4137 nihil
1196 4087 1313 4134 teruntur
1333 4094 1400 4134 arma

1195 4243 1216 4308 4.
