3848 4918
523 438 593 513 333
667 412 710 485 P.
750 411 1040 487 VIRGILII
1080 410 1380 495 MARONIS

522 594 693 696 Produxi,
715 596 861 696 pressive
877 599 1011 685 oculos,
1035 602 1258 673 autvulnera
1274 599 1359 689 lavi,

487 834 492 853 Ι
523 735 626 809 Velle
638 753 782 834 tegens3
808 739 875 810 tibi
890 763 998 836 quam
1014 740 1132 811 hoties
1150 739 1273 813 festina
1288 740 1432 835 diesque

523 872 748 969 Urguebam‚
773 889 809 944 et
826 874 895 944 tela
909 896 1008 945 curas
1025 873 1162 948 solabar
1179 878 1295 953 anilis.

523 1009 609 1108 Qo
639 1009 801 1105 sequar?
843 1028 904 1082 aut
929 1035 1016 1106 ,quae
1047 1034 1142 1085 nunc
1174 1033 1280 1102 artus,
1318 1015 1502 1114 avolsaque

557 1216 561 1222 .
666 1148 841 1233 membra,
1414 1177 1502 1252 ¹490

523 1315 592 1376 qnod
603 1331 647 1367 uec
662 1316 729 1365 vocis
739 1315 875 1380 exemplum
887 1327 960 1375 extat,
976 1317 1019 1366 nili
1030 1335 1058 1366 ex
1075 1319 1178 1367 leelione
1194 1319 1243 1384 Jos.
1262 1319 1375 1384 Scaligeri
1387 1320 1412 1366 in
1429 1318 1501 1367 Ennii

523 1392 674 1458 epitaphium
684 1393 763 1442 illatae
779 1411 815 1442 nec
825 1395 911 1460 funera
921 1397 1003 1459 fletum
1012 1399 1086 1464 faxit.
1119 1398 1245 1462 Displicuit
1258 1399 1369 1446 Serviane
1377 1398 1439 1446 ratio
1448 1398 1500 1461 jam

524 1468 592 1534 Julio
600 1470 696 1528 Sabino,
714 1470 756 1534 qui
767 1468 798 1518 fic
806 1469 905 1534 accipit:
922 1477 937 1501 “
952 1487 998 1535 ego
1011 1483 1053 1520 tua
1064 1484 1141 1521 mater
1152 1474 1234 1537 peperi
1241 1486 1265 1521 te
1274 1489 1320 1521 non
1332 1473 1362 1521 ad
1372 1474 1464 1532 lunera,
1473 1472 1500 1520 id

525 1551 544 1576 ⁸
554 1546 597 1605 eil,
607 1557 635 1595 ut
645 1546 695 1611 ipsa
705 1545 750 1595 tibi
761 1545 865 1594 lacerem
876 1545 955 1595 lanus.
964 1548 980 1567 ”
1008 1549 1133 1598 Substituit
1141 1548 1216 1614 igitur
1226 1549 1275 1607 ille,
1287 1552 1350 1615 quod
1358 1550 1397 1600 alii
1404 1565 1498 1615 quoque

522 1623 628 1674 iaciunt:
657 1643 693 1673 nec
715 1637 736 1671 te
751 1621 781 1670 ad
797 1636 836 1670 tua
848 1623 885 1688 f.,
899 1622 940 1672 sed
958 1623 1004 1671 hoc
1021 1625 1161 1690 plumbeum
1180 1626 1229 1687 est3
1248 1638 1299 1685 aut,
1313 1626 1378 1691 quod
1396 1626 1499 1675 Pseudo-

521 1700 616 1752 Donati
626 1699 820 1765 interpretationi
831 1698 958 1764 praefixum
965 1702 1050 1750 video:
1068 1720 1104 1752 nec
1115 1717 1135 1752 te
1151 1703 1176 1751 in
1192 1717 1231 1752 tua
1236 1706 1273 1771 f.,
1287 1716 1313 1752 at
1326 1705 1352 1755 iu
1365 1704 1416 1768 ipsa
1425 1703 1499 1752 inter·

522 1776 659 1847 pretatione
670 1778 740 1830 aliter
751 1788 860 1840 acceptus
870 1776 951 1825 locus:
972 1784 987 1808 “
1000 1781 1046 1828 Hic
1060 1796 1165 1844 quoque,
1182 1780 1269 1845 inquit,
1287 1780 1352 1829 aliud
1363 1781 1441 1829 suerat
1449 1781 1499 1848 die.

523 1870 588 1917 tura,
595 1857 661 1908 aliud
670 1855 779 1922 subjecit,
789 1852 973 1904 dolentiemore.
984 1856 1000 1876 ”
1026 1857 1120 1906 Scilicet
1132 1874 1161 1907 ex
1169 1856 1343 1923 eiusseutentia
1349 1857 1498 1908 scribendum

522 1937 570 1985 erit
581 1952 636 1984 curn
647 1936 757 1984 Catroeo:
775 1951 811 1982 nec
822 1947 913 1982 te-tua
923 1936 1009 1999 funera
1018 1951 1086 1985 mater
1096 1940 1138 1995 P„
1153 1949 1180 1985 ut
1196 1936 1220 1984 se
1233 1936 1310 2001 ipsam
1325 1936 1498 2000 reprehendat=

521 2011 584 2074 qnid
600 2011 655 2059 dico
671 2009 714 2058 tel
742 2007 827 2057 saltem
845 2008 996 2057 tualeam:
1014 2011 1080 2074 quod
1099 2027 1129 2059 an
1139 2011 1244 2075 cuipiam
1254 2011 1278 2059 se
1288 2010 1448 2075 probaturum
1460 2011 1497 2070 lit,

521 2086 621 2153 ignoro.
654 2086 730 2136 Aliud
739 2100 839 2134 acumen
849 2085 943 2150 sequuti
955 2087 1008 2136 sunt
1016 2088 1065 2137 alii.
1097 2090 1262 2138 Cerdamnon
1279 2088 1400 2153 assequor:
1418 2089 1460 2139 etii
1475 2089 1495 2137 ie

520 2165 653 2230 proclivior
663 2162 697 2212 est
707 2162 733 2210 in
743 2161 880 2210 servianam
891 2164 1018 2213 rationem.
1050 2165 1153 2214 Castalio
1169 2167 1232 2230 apud
1243 2169 1409 2217 Burmannum
1424 2167 1496 2216 verba

520 2242 638 2308 jungebat
643 2240 688 2291 fic:
701 2255 736 2288 nec
744 2253 764 2287 te
770 2253 838 2304 tegens
847 2239 903 2304 veste
911 2240 1006 2305 produxi
1010 2242 1103 2313 funera.
1122 2243 1190 2290 Dura
1197 2242 1293 2307 prorsus
1299 2242 1384 2291 oratio.
1402 2245 1497 2293 Locum

521 2318 570 2367 ell'c
581 2327 721 2383 corruptum
732 2313 812 2363 nullus
824 2315 908 2364 dubito
924 2327 996 2380 atque
1011 2333 1066 2367 eum
1084 2318 1143 2366 adeo
1158 2318 1222 2366 inter
1234 2335 1262 2368 ea
1280 2317 1326 2367 else
1343 2319 1497 2370 referendum

518 2396 614 2454 censen,
624 2395 650 2443 in
661 2406 766 2459 quorum
776 2391 918 2455 corruptelis
928 2409 1011 2442 omues
1021 2394 1114 2443 codices
1121 2396 1256 2462 conspirant
1266 2396 1373 2460 adeoque
1383 2397 1496 2447 testatum

522 2473 624 2531 faciunt,
636 2472 660 2520 se
677 2470 725 2519 istis
742 2468 953 2533 depravationibus
962 2470 1061 2529 seriores
1072 2472 1117 2522 esse
1132 2490 1221 2525 omnes.
1253 2473 1378 2521 Laudatur
1397 2476 1497 2537 quidem
1532 2464 1538 2475 ’

521 2550 596 2598 lectio
606 2565 635 2598 ex
645 2548 693 2596 sec.
709 2549 797 2595 Moret.
825 2563 862 2593 nec
878 2549 931 2595 enine
941 2561 990 2606 tua,
1011 2560 1077 2598 etex
1090 2550 1196 2600 Parthas.
1233 2568 1269 2600 nee
1279 2569 1315 2615 ego
1327 2565 1374 2608 tua,
1388 2550 1431 2600 sed
1445 2568 1496 2600 cor-

520 2627 641 2676 rederent
652 2625 678 2673 in
689 2622 726 2671 hia
737 2620 849 2686 agnoscas
857 2620 942 2680 facile3
958 2638 1002 2672 nec
1019 2624 1044 2672 in
1056 2625 1108 2674 aliie
1118 2626 1178 2674 locis
1188 2625 1213 2674 hi
1226 2626 1317 2675 codices
1328 2627 1358 2674 ab
1367 2627 1421 2676 aliie
1432 2644 1497 2678 rece·

520 2703 584 2751 dunt
594 2701 638 2753 nist
648 2717 677 2749 ex
686 2696 880 2762 interpolatione.
912 2699 959 2746 Sed
973 2700 1104 2764 inpromtu
1116 2701 1149 2749 est
1159 2701 1206 2749 loci
1216 2701 1359 2761 emendatio,
1371 2718 1437 2766 quae,
1448 2721 1495 2754 una

521 2795 578 2829 eam
589 2775 767 2843 depravationis
776 2773 861 2834 caussa,
877 2791 906 2823 ex
917 2778 1067 2825 antecedenti
1081 2793 1120 2827 tua
1136 2779 1160 2826 in
1172 2777 1253 2827 oeulos
1263 2778 1375 2828 incurrin
1391 2797 1495 2847 eamque

518 2857 571 2920 jam
582 2853 685 2902 Bembue
698 2850 864 2916 proposuerat:
882 2871 918 2901 nec
929 2868 950 2901 te
961 2869 1000 2902 tua
1016 2852 1098 2903 itinere
1114 2870 1181 2904 mater
1192 2856 1304 2913 Produxi,
1321 2870 1364 2903 nec
1375 2872 1423 2920 ego
1439 2875 1494 2923 pro·

519 2932 613 2980 diuite
623 2930 717 2979 sunere.
749 2925 857 2991 Vulgare
873 2939 937 2976 crat:
955 2929 1050 2986 ducere,
1070 2931 1210 2993 producere,
1227 2930 1315 2989 funua3
1330 2943 1355 2978 et
1373 2931 1495 2998 elegantia

520 3019 578 3058 nota
588 3023 633 3074 pro
644 3023 699 3072 ego,
714 3020 754 3054 tua
767 3017 841 3054 maten
875 3007 1027 3055 Burmannus
1042 3006 1222 3073 castigationem
1238 3006 1299 3054 hanc
1314 3007 1411 3057 admitti
1430 3013 1494 3076 polle

519 3086 639 3144 concedit,
656 3084 757 3134 lindenat
767 3094 849 3132 tamen
865 3083 970 3132 incertus
985 3085 1129 3148 tandemque
1146 3096 1235 3134 tentat:
1263 3103 1298 3134 nec
1315 3087 1383 3151 tristia
1397 3090 1491 3153 suma.

518 3168 676 3213 Heumannus
694 3159 754 3208 olim
771 3158 920 3223 conjecerat.-
940 3175 964 3209 ιι
977 3172 1001 3208 et
1018 3175 1056 3209 tua
1071 3161 1127 3225 fun.
1158 3162 1225 3208 Laxa
1244 3170 1269 3208 et
1287 3159 1351 3208 fluxa
1370 3166 1492 3217 oratione:

516 3241 598 3292 lorum
609 3241 634 3288 in
645 3239 698 3287 rivo
710 3247 801 3285 naturae
816 3247 892 3301 putee.
926 3237 1024 3286 Merula
1039 3238 1069 3287 ad
1085 3237 1190 3287 Ennium
1205 3254 1227 3301 p.
1245 3235 1285 3297 56,
1310 3238 1352 3301 qui
1371 3241 1492 3305 Serviane,

517 3317 608 3382 alioqui
620 3313 708 3363 rationi
724 3311 799 3371 lavet,
821 3313 917 3376 insuper
936 3313 1043 3376 legebat:
1068 3314 1167 3371 Proluxi,
1189 3312 1255 3362 nullo
1266 3328 1321 3361 cum
1337 3315 1492 3366 freden...

517 3395 576 3454 487.
592 3394 655 3442 oculis
671 3392 720 3440 duo
739 3389 944 3448 Burin—488.
961 3392 1001 3440 tibi
1017 3392 1073 3458 quod
1094 3393 1167 3439 Rom.
1202 3409 1247 3457 qua
1262 3390 1322 3449 Eri,
1343 3403 1368 3441 et
1387 3409 1447 3446 mox
1463 3412 1489 3448 v.

497 3469 568 3535 ¹1289
582 3469 718 3534 Urguebant.
758 3468 802 3515 tela
820 3467 873 3515 anili
888 3466 949 3519 alter
968 3467 1193 3531 Matri—490·
1215 3468 1292 3536 [σφεων
1315 3467 1376 3517 alter
1397 3472 1489 3537 Hand).⁴

443 3564 446 3569 ’
516 3560 609 3612 ‘utque
622 3541 742 3593 Montalb.
761 3540 868 3591 etGoth.
880 3552 937 3591 tert.

515 3641 980 3721 maticaaecipereticjubet‚uttua
1015 3651 1119 3724 funere.
1161 3644 1209 3704 Ad
1233 3642 1390 3704 sententiam
1413 3649 1490 3707 illus-
1550 3682 1553 3695 =

505 3731 610 3802 funera
632 3720 665 3776 stt
685 3719 833 3797 appositum
858 3740 921 3778 voc.
941 3737 975 3782 te.
1000 3723 1147 3780 'trandam
1155 3722 1247 3781 laudat
1255 3723 1342 3779 versos
1351 3724 1490 3784 Ennianos
1537 3726 1540 3731 ⁴

515 3798 626 3858 Scilicet
639 3794 719 3854 sunus
738 3794 859 3865 ducitur,
877 3797 977 3874 produ·
1024 3798 1152 3867 Macrob.
1164 3798 1244 3870 VI,2
1255 3817 1289 3855 ex
1299 3798 1487 3878 Cresphonte:

513 3877 597 3944 citur,
610 3875 731 3951 adeoque
742 3889 770 3931 et
781 3890 887 3950 corpus.
916 3872 976 3931 Fri·
1024 3877 1108 3955 Neque
1114 3893 1207 3934 terram
1217 3879 1326 3955 injicere,
1335 3901 1411 3956 neque
1419 3880 1445 3934 C
1445 3904 1489 3939 rn-

500 3968 558 4033 ‘get
572 3967 661 4011 tanten
672 3952 714 4007 vel
726 3949 761 4007 sto
772 3951 847 4008 locus
855 3970 916 4008 cum
928 3970 975 4008 ca·
1022 3970 1082 4013 enta
1093 3954 1295 4033 convestire'mihi
1299 3971 1399 4032 corpora
1405 3954 1488 4023 licuit,

399 4082 404 4092 .
498 4033 619 4088 'devere
673 4027 816 4086 Probabile
847 4027 973 4096 fecimus,
1022 4034 1076 4089 Nec
1088 4041 1123 4088 mi
1131 4053 1182 4088 erae
1193 4029 1283 4088 lavere
1294 4030 1410 4088 lacrumo
1424 4034 1488 4106 sal-

510 4108 655 4185 legendam
666 4105 823 4238 effepunere
831 4128 840 4174 ;
860 4124 909 4162 nec
922 4125 974 4183 ego
1010 4113 1072 4183 sum
1075 4114 1128 4184 san
1145 4117 1234 4165 uinem.
1254 4106 1312 4163 vid.
1327 4107 1396 4165 Var.
1407 4107 1486 4171 Ledi.

497 4185 593 4242 ‘sunus
618 4195 694 4238 tuum
742 4182 813 4251 uxi;
848 4201 897 4261 pro
921 4184 973 4241 hoc
1019 4189 1086 4263 488.
1106 4131 1203 4241 lituus
1224 4180 1293 4240 bene
1311 4183 1487 4244 devestesn-

495 4258 750 4320 unuiusdicnm:
767 4276 845 4327 necte
865 4263 976 4338 produxi
1009 4261 1109 4329 nebri,
1133 4263 1243 4334 ἐντάφιον
1265 4259 1380 4329 dicitur,
1404 4262 1489 4340 cogi·

957 4350 960 4363 ’
1425 4351 1489 4398 tant
