3966 4920
582 382 654 459 160
792 372 1195 501 *excursus
1235 376 1329 461 unt

855 580 1160 644 EXCURSUS
1199 584 1284 646 VIII.

582 722 643 799 Ad
667 728 819 822 recerfirrn
847 729 1045 824 populorum,
1075 731 1133 825 qui
1162 718 1229 803 curi
1260 730 1379 806 Latino
1407 755 1557 829 armorum

890 852 1077 944 societatem
1093 856 1247 929 inierant.

591 1064 595 1083 r
620 1028 691 1099 VII,
712 1031 769 1108 640
786 1026 846 1108 sqq.
879 1029 954 1088 Curn
972 1029 1090 1109 Virgilii
1111 1032 1232 1093 eruditio
1245 1031 1371 1114 inprimis
1389 997 1560 1097 mirationem

581 1119 664 1178 serint
676 1120 706 1177 in
719 1119 814 1179 uererir
826 1117 912 1178 Italiae
923 1118 1089 1198 originibus,
1102 1143 1168 1202 quen
1179 1136 1208 1182 et
1219 1138 1345 1183 recurate
1358 1124 1523 1205 investigaffe
1533 1140 1560 1188 et

580 1209 724 1268 commode
745 1224 826 1286 atque
839 1208 977 1287 ingeniose
989 1211 1119 1270 carminis
1129 1209 1172 1270 sui
1184 1210 1275 1271 indoli
1295 1215 1508 1275 accommodasse
1518 1216 1560 1274 ri.

580 1295 679 1367 detur3
698 1316 754 1356 non
766 1296 886 1378 pigebit,
909 1295 940 1355 in
951 1296 1020 1356 hanc
1034 1299 1163 1358 carminis
1173 1314 1277 1379 purtem
1289 1318 1444 1369 excurrere,
1462 1315 1490 1361 et
1501 1323 1562 1381 qun

580 1383 692 1463 dagnus
700 1387 769 1447 locis
780 1401 883 1449 uererer
893 1386 994 1447 fabula
1006 1388 1033 1447 ei
1044 1402 1106 1449 ante
1115 1392 1209 1450 oculor
1220 1388 1328 1450 vmsatae
1340 1391 1403 1461 sint,
1414 1388 1464 1450 sub
1476 1412 1560 1456 unum

580 1472 708 1534 obtutum
717 1494 863 1555 exponere.
920 1483 924 1493 '
1291 1538 1293 1545 ,

620 1561 743 1624 Primum
756 1566 867 1641 quidem
879 1562 949 1623 iilud
958 1562 1146 1627 obseruatione
1158 1566 1275 1646 dignum
1288 1567 1413 1647 inprimis
1423 1569 1472 1636 est.
1484 1569 1559 1647 quod

580 1648 708 1714 &Turni
721 1670 821 1732 partes,
839 1672 920 1731 quern
939 1652 1070 1713 aGraeea
1091 1655 1201 1734 origine
1219 1674 1304 1733 genus
1316 1656 1415 1715 ducere
1426 1677 1560 1717 memore·

581 1759 668 1813 verat,
686 1743 803 1803 adduxit
816 1762 861 1803 eus
871 1742 978 1820 populor,
997 1744 1084 1822 quibus
1096 1745 1199 1803 Grecae
1211 1752 1315 1825 origines
1324 1744 1404 1825 vulgo
1414 1742 1561 1813 tribuebam

581 1841 648 1893 ferr
678 1854 734 1913 quo
756 1834 817 1914 ipso
837 1833 971 1892 rationem
990 1833 1111 1911 aliquam
1130 1832 1249 1904 invenit,
1272 1854 1327 1913 qun
1347 1832 1450 1895 excitor
1470 1837 1561 1896 verior

581 1923 669 1985 Inliae
680 1929 795 2006 populos
803 1925 833 1983 T
833 1922 935 2003 rojanie
945 1924 1073 2001 objiceret
1084 1924 1195 1983 adversa
1204 1928 1263 1984 acie
1279 1940 1438 2005 pugnanter.
1475 1927 1563 1992 Vetur

581 2012 744 2073 umorum
755 2012 850 2072 odium
862 2011 987 2070 aduersus
1009 2011 1157 2090 Troianos,
1175 2032 1276 2091 nupera
1296 2013 1388 2091 Trojre
1398 2015 1476 2074 clude
1491 2037 1562 2076 non.

581 2103 652 2165 dum
661 2104 810 2180 expletum,
830 2102 922 2160 sedeo
935 2099 1022 2180 magii
1041 2101 1071 2160 in
1082 2121 1140 2169 eor,
1158 2102 1207 2180 qui
1220 2102 1298 2161 clade
1308 2102 1456 2182 superstites
1466 2106 1561 2182 prosu·

581 2208 694 2271 gerantq
711 2190 920 2260 inflammatum,
944 2191 1050 2251 cautini,
1062 2189 1162 2251 auxilii
1187 2191 1294 2252 serendi
1320 2195 1422 2273 praebet
1440 2195 1563 2257 idoneas.

580 2284 648 2367 Quo
661 2284 731 2343 illud
743 2283 829 2353 idem,
848 2281 922 2361 quod
934 2282 1014 2340 rorice
1026 2281 1191 2349 monuimus,
1203 2283 1337 2354 firmatur,
1349 2285 1424 2364 epici
1434 2286 1563 2347 carminis

581 2371 735 2453 Virgiliani
746 2373 864 2430 frustum
873 2368 935 2427 satis
943 2370 1095 2444 jucundum
1109 2368 1156 2428 virr
1166 2371 1216 2428 effe
1233 2374 1306 2450 posse
1317 2371 1360 2433 illi
1372 2375 1489 2444 homini,
1511 2373 1561 2454 qui

582 2481 638 2522 non
651 2462 749 2520 fabulis
762 2460 817 2518 illis
829 2456 958 2534 antiquit,
976 2455 1154 2536 inprimisque
1167 2459 1499 2542 Homericirlralicisque,
1508 2463 1562 2522 irn-

580 2547 679 2609 butum
692 2547 789 2606 habeat
800 2543 952 2622 ingenium.
992 2543 1057 2601 Hoc
1069 2544 1116 2612 est,
1136 2563 1191 2622 quo
1206 2544 1310 2606 summa
1322 2568 1413 2611 rerum
1423 2552 1504 2610 redit.
1570 2590 1579 2601 x

620 2637 647 2695 Ii
659 2636 757 2716 igitur,
776 2653 845 2711 quur
856 2631 902 2690 hic
913 2646 1052 2690 enumerat
1068 2633 1181 2711 populos
1194 2634 1297 2693 auxilia
1309 2635 1411 2697 Latino
1424 2656 1451 2699 et
1464 2641 1563 2700 Turno

477 2778 482 2785 .
581 2728 757 2793 adducenter,
768 2740 911 2799 exgenere
923 2720 1101 2790 sunteorum,
1121 2719 1169 2800 qui
1187 2721 1288 2783 urbium
1306 2722 1413 2789 suarum
1431 2733 1567 2789 conditores

568 2820 685 2877 cram
715 2812 836 2872 habuisse
859 2809 1022 2877 serebantur,
1047 2811 1090 2869 uti
1114 2810 1145 2869 in
1167 2809 1278 2888 fingrrh's
1303 2832 1370 2871 rnox
1396 2814 1568 2879 videbimus.

581 2904 682 2963 Graeca
706 2901 788 2980 origo
798 2898 905 2959 eosdem
926 2911 1028 2966 movet,
1050 2914 1081 2957 ut
1102 2898 1247 2959 Diomedis
1266 2900 1372 2960 auxilia
1392 2918 1484 2983 petant
1507 2905 1566 2963 inf.

549 3037 557 3049 .
581 2990 655 3050 VIII
667 3009 710 3071 pr.
747 2986 861 3047 Latinos
872 2988 986 3065 populos
1004 3006 1036 3044 ac
1050 2987 1175 3047 civitates
1193 2988 1290 3049 ordine
1299 3005 1375 3050 certo
1385 2993 1430 3051 sen
1440 2994 1502 3052 fitur
1514 2993 1565 3054 seu

581 3080 720 3143 vetustatis
738 3091 898 3136 memoratas
917 3074 1077 3154 expectabat
1098 3079 1169 3137 forte
1181 3078 1307 3156 aliquiua
1326 3087 1415 3154 po'e'ta.
1455 3080 1567 3144 Verum

581 3170 691 3230 lubrico
710 3169 758 3228 ille
777 3165 909 3228 infistebnt
927 3165 1040 3245 vestigio
1055 3188 1063 3226 ε
1097 3168 1132 3226 nb
1147 3167 1220 3226 Alba
1233 3168 1343 3248 Longa,
1356 3192 1417 3251 quae
1428 3171 1482 3231 hoc
1492 3187 1566 3232 tern-

581 3280 649 3340 pore
660 3274 718 3320 erat
736 3257 823 3326 nulla,
838 3270 933 3315 ortum
945 3254 1044 3313 habere
1060 3276 1140 3316 omne
1162 3275 1262 3317 nomen
1283 3258 1425 3331 Latinum,
1444 3276 1472 3320 et
1483 3261 1519 3320 ab
1529 3276 1570 3322 ea·
1689 3274 1690 3277 ’

582 3350 712 3410 dnonas
721 3349 772 3408 esse
784 3345 902 3406 colonias
915 3344 1008 3407 XXX
1022 3346 1099 3404 Latii
1109 3344 1242 3415 civitaten,
1255 3347 1339 3426 vulgo
1347 3362 1405 3408 turn
1414 3351 1570 3419 constabat.

582 3454 611 3496 r.
624 3435 743 3513 Dionys.
755 3433 811 3503 ΙΙΙ,
826 3432 942 3510 31-et1,
959 3454 969 3491 r
976 3453 1004 3514 5.
1017 3474 1019 3481 =
1044 3433 1122 3514 Qid
1137 3434 1149 3491 I
1173 3435 1249 3511 quod
1262 3433 1398 3514 superiore
1408 3439 1493 3508 libro,
1506 3438 1567 3511 VI,

580 3546 735 3608 773-777
755 3524 860 3601 aliquot
873 3523 969 3581 harum
982 3523 1092 3583 urbium
1103 3523 1159 3604 ipse
1170 3524 1347 3595 excitaverat,
1366 3549 1427 3607 quae
1435 3544 1500 3589 runt
1514 3531 1569 3589 nd·

581 3620 638 3678 hec
646 3617 790 3693 essentſsne
802 3620 992 3674 nomineterrae.
1030 3614 1173 3693 Sapienter
1184 3617 1275 3694 iraque
1287 3618 1322 3675 nb
1336 3618 1387 3677 hae
1399 3623 1572 3681 enumerati·
1616 3674 1629 3680 -

582 3726 636 3771 one
647 3705 785 3771 abstinuit,
794 3703 1058 3763 etvetustiffimnrum
1072 3718 1177 3763 tuntum
1191 3705 1298 3764 urbium
1308 3708 1418 3768 nomina
1427 3711 1571 3789 apposuit,

582 3800 662 3858 nulio
672 3811 747 3857 certo
760 3792 858 3852 ordine
869 3792 1016 3870 disposta:
1046 3813 1160 3872 quarum
1179 3794 1227 3853 ersi
1247 3815 1346 3874 magna
1357 3818 1418 3876 pars
1431 3799 1503 3859 inter
1515 3820 1570 3860 co-

582 3890 670 3952 lonias
693 3887 774 3944 AIbae
796 3883 901 3962 Longe
915 3898 1054 3941 numerata
1066 3886 1114 3951 est,
1135 3899 1225 3943 tamen
1245 3906 1288 3943 eae
1306 3886 1424 3966 hisipsn
1435 3891 1572 3962 coloniis,

474 3980 478 3993 '
582 3981 682 4058 quibus
694 3978 791 4036 iterum
801 3973 976 4062 frequentqtae
988 3970 1033 4030 seu
1047 3970 1174 4049 suppletu
1187 3971 1308 4041 suerent,
1327 3975 1494 4053 antiquiores
1505 3997 1573 4037 cre.

583 4070 651 4128 ditae
660 4067 732 4124 sunt.
764 4062 872 4121 Ordine
883 4076 971 4118 autern
981 4061 1165 4139 geographico
1179 4062 1273 4121 relisio
1282 4063 1401 4139 poeticis
1414 4065 1576 4127 redonibus

584 4157 679 4219 melier
696 4153 832 4213 consuluit
843 4152 943 4230 poit23
971 4153 1128 4210 varietatem
1135 4150 1248 4211 enimet
1259 4152 1413 4212 libertatern
1425 4155 1454 4214 in
1462 4157 1575 4217 disesia

584 4243 634 4310 fibi
646 4243 685 4306 ita
698 4241 820 4321 reliquit.
861 4237 1028 4298 varietatem
1047 4238 1130 4301 etiam
1144 4239 1173 4299 in
1193 4239 1247 4300 hoc
1269 4237 1395 4320 sequntur
1416 4245 1464 4311 est,
1487 4248 1576 4322 quod

741 4326 759 4414 ᾖ
773 4362 776 4365 ·
1400 4329 1578 4414 Trq’anorum
