3848 4918
530 424 599 500 322
669 366 711 473 r.
746 392 1030 471 vrnurrir
1083 386 1377 466 nunonis

532 596 689 678 Albam
716 610 794 667 tum
811 616 874 665 rex
888 588 1024 663 stabula
1039 587 1111 659 alta
1135 586 1283 658 Latinus
1299 577 1468 656 habebor.

533 726 590 797 Ut
606 727 711 814 stetit,
724 744 759 799 et
773 723 895 798 frustra
910 711 1088 794 absentem
1106 717 1260 815 respexit
1275 718 1456 792 amicum:

532 856 696 950 Euryale,
713 852 835 926 infelix
851 877 922 949 qua
938 870 975 926 te
990 853 1134 952 regione
1151 851 1304 948 reliqui?
1441 870 1518 947 390

535 992 661 1091 Qave
680 989 803 1084 sequar
819 987 834 1058 l
867 985 1001 1059 Rursus
1017 986 1230 1083 perplexum
1247 985 1315 1059 iter
1330 1006 1441 1059 omne
1456 1008 1519 1107 re⁴

626 1145 632 1155 ’
682 1124 830 1196 volvens

536 1262 685 1337 Fallacis
706 1261 814 1349 filvae,
839 1232 995 1335 fimul'et
1013 1260 1163 1357 vestigio
1184 1276 1279 1334 retro

535 1399 727 1474 Observata
744 1395 843 1492 legit,
861 1391 1049 1490 dumisque
1065 1380 1248 1466 silentibus
1272 1412 1373 1469 errat.

534 1531 650 1609 Audit
665 1556 787 1629 equos,
803 1528 902 1611 audit
919 1530 1082 1626 strepitus
1099 1548 1134 1602 et
1150 1529 1249 1628 signa
1265 1530 1491 1626 sequentum.

535 1751 613 1804 oratio
628 1756 674 1805 lora
689 1751 822 1821 postulabat
841 1750 884 1816 (cs.
897 1750 949 1817 sup.
964 1751 983 1809 1,
996 1749 1053 1812 306.
1064 1750 1130 1819 365),
1146 1762 1228 1800 tamen
1240 1766 1288 1801 non
1297 1751 1339 1811 cst,
1356 1753 1423 1817 quod
1434 1751 1524 1808 sciam,

535 1833 600 1882 ullus
608 1832 722 1897 loquendi
734 1847 794 1887 mor,
805 1845 854 1893 quo
876 1830 921 1878 loca
932 1829 1017 1878 Albani
1035 1829 1149 1894 appellari
1157 1828 1249 1895 polline.
1282 1832 1378 1897 Agrum,
1398 1832 1480 1890 rossem,
1499 1841 1527 1882 ei

533 1904 622 1960 rimilia
633 1908 738 1973 requiro.
770 1908 841 1955 Unus
850 1904 901 1971 Jul.
910 1905 1016 1954 ¹Sabinus
1024 1906 1066 1965 est,
1077 1907 1119 1971 qui
1130 1907 1160 1954 ad
1171 1906 1251 1955 locum
1259 1907 1324 1956 bunc
1332 1907 1466 1972 quicquam
1478 1925 1527 1957 no.

535 1985 638 2033 raverit:
655 1992 670 2015 “
681 1994 747 2052 arque
757 1985 824 2042 loeor;
842 1996 901 2030 narn
908 1998 997 2030 nomen
1006 1981 1134 2039 lociLatii‚
1145 1984 1175 2032 ab
1184 1983 1294 2048 imperio,
1301 1984 1366 2047 quod
1376 1984 1525 2044 eruentus,

535 2056 626 2110 lllbani
637 2061 711 2120 dien
727 2059 797 2109 aliter
809 2074 858 2107 uon
869 2057 914 2107 stat
924 2057 1012 2108 sensus.
1023 2058 1039 2083 ”
1072 2058 1157 2108 Paullo
1169 2058 1289 2108 obscurius
1299 2058 1351 2107 haec
1363 2058 1440 2111 dieta
1467 2058 1525 2109 Mi-

534 2135 681 2200 liquidem,
699 2137 774 2185 donee
786 2135 815 2183 de
827 2134 885 2183 locie
895 2134 998 2183 Albanis
1009 2134 1109 2183 meliora
1119 2136 1229 2194 edocear,
1250 2135 1311 2184 Iecur
1322 2134 1409 2185 Albani
1432 2135 1525 2202 praese.

534 2210 604 2262 rendi
615 2214 743 2263 videnturr
768 2213 828 2262 larus
844 2211 917 2261 toties
927 2211 953 2258 in
968 2212 1019 2260 locor
1036 2212 1131 2261 abiere:
1154 2226 1198 2261 nec
1214 2211 1274 2261 adeo
1286 2209 1374 2260 morosi
1387 2211 1437 2261 else
1449 2211 1526 2261 debe·

535 2286 598 2347 brus,
610 2286 746 2354 'quominus
764 2289 789 2337 in
801 2294 876 2354 poeta
887 2286 993 2336 seramus
1008 2289 1102 2337 cursum
1114 2288 1165 2338 Nisi
1175 2287 1258 2353 paullo
1270 2287 1334 2336 ultra
1342 2288 1421 2352 justos
1432 2288 1530 2338 limitet

535 2364 692 2434 produdum,
711 2363 1186 2428 cumomninblongiuecursueredlum
1196 2363 1271 2413 vellet
1284 2362 1441 2429 fignificare3
1471 2378 1529 2415 tan·
1604 2402 1609 2411 ,

535 2444 601 2502 dem,
619 2444 636 2493 li
648 2444 678 2493 ad
689 2443 767 2492 lacum
780 2438 911 2507 pervenisse
925 2440 998 2488 Nisus
1007 2439 1103 2500 dicitur,
1114 2456 1162 2488 nou
1173 2439 1220 2489 hoe
1232 2439 1267 2488 ita
1278 2440 1418 2505 urgendum
1437 2441 1484 2502 est,
1499 2451 1530 2491 ut

535 2518 561 2569 iu
569 2518 620 2586 ipse.
630 2519 680 2584 ripa
691 2518 794 2568 haeserit.
829 2516 854 2564 Si
861 2527 942 2565 tamen
954 2518 1052 2580 apo'etae
1060 2516 1133 2567 nostri
1142 2515 1240 2565 subaelo
1250 2516 1340 2580 juditio
1352 2515 1467 2568 alienum
1478 2520 1529 2568 hoc

535 2595 723 2646 effevidebiturr
740 2594 857 2643 utendum
868 2592 972 2648 arbitror
982 2593 1168 2642 alteraledlione
1177 2593 1244 2652 lucos,
1259 2603 1286 2640 ut
1293 2591 1408 2657 seriptum
1423 2602 1538 2662 apoeta,

535 2672 654 2723 statuam:
671 2673 713 2724 Ad
721 2674 776 2720 lucos
792 2670 815 2718 h.
828 2680 971 2734 pervenerat
983 2670 1055 2734 usque
1066 2669 1186 2723 adlueum
1193 2669 1319 2718 Albanum
1330 2669 1440 2724 diuum.
1478 2676 1530 2724 Po-

537 2751 612 2800 ruitis
622 2750 718 2815 longius
727 2763 881 2814 procurrerer
898 2758 922 2795 et
933 2746 980 2795 hoc
990 2748 1045 2797 luco
1056 2748 1135 2798 tesius
1146 2748 1263 2814 respicere
1271 2747 1343 2813 erepit
1350 2748 1460 2800 demam
1471 2754 1531 2804 etse

535 2828 649 2893 recipere.
682 2828 717 2877 Ar
727 2827 783 2875 lucos
795 2823 871 2874 Goth.
881 2822 927 2874 sec.
940 2824 1075 2875 exhibebat.
1100 2827 1161 2877 duur
1176 2824 1270 2876 Medic.
1283 2838 1343 2875 ann·
1353 2830 1532 2901 pr.--389.

532 2905 642 2972 prospexit
664 2903 725 2951 alter
744 2903 968 2966 Menag.-391.
985 2904 1066 2971 Quove
1081 2902 1191 2951 Parthas.
1222 2903 1291 2951 Tem
1309 2901 1432 2953 Urbanus
1451 2908 1531 2957 verba

536 2980 591 3032 Nili
607 2979 761 3029 continuabet
772 2977 887 3043 usquead
903 2998 923 3029 r.
935 2993 960 3045 p.
977 2982 993 3028 i.
1015 2999 1071 3029 omne
1088 2981 1222 3031 revolveres
1244 2992 1272 3029 ut
1283 2979 1424 3043 quidemin
1438 2985 1530 3036 Servio

536 3066 600 3106 nunc
611 3055 719 3120 legitur,
733 3054 773 3103 led
784 3052 913 3103 secondum
926 3054 975 3120 Jul.
989 3055 1113 3115 Sabinum,
1121 3057 1194 3121 usque
1202 3056 1233 3105 ad
1244 3056 1426 3122 Fallarirfilvae.
1456 3064 1536 3113 Sim

482 3124 484 3127 ¹
536 3149 565 3184 er.
600 3131 693 3182 Turbae
704 3129 788 3180 omissa
802 3140 850 3178 vox
865 3134 906 3189 air,
921 3134 1001 3198 inquit.
1033 3133 1143 3181 Donatus
1161 3132 1334 3183 distinxerater
1351 3132 1470 3199 legerat,
1491 3139 1534 3191 uti

535 3210 610 3276 vulgo
618 3209 655 3260 fir.
691 3208 766 3277 Qud
777 3206 897 3257 Fabricius
905 3207 927 3255 ei
936 3208 1031 3267 tribuit,
1042 3210 1139 3260 Fallaces
1142 3211 1225 3275 ſslvar,
1242 3204 1414 3276 praestripturn
1421 3226 1533 3268 rantum

536 3284 758 3351 eslejurverbirin
771 3284 831 3333 edit.
852 3284 920 3334 Basil.
955 3286 1047 3350 Rursum
1062 3287 1204 3334 tresBurm.
1233 3288 1352 3353 perjlrxum
1368 3288 1458 3353 Sprot.
1495 3312 1534 3344 u.

529 3362 616 3430 solvens
630 3361 673 3410 sec.
691 3371 717 3409 et
730 3371 788 3409 terti
806 3361 935 3422 Rouend„
950 3373 1029 3422 acute,
1043 3372 1068 3411 et
1078 3361 1199 3412 subtiliter
1210 3362 1241 3410 ad
1253 3363 1533 3438 perplexum-...394

527 3445 650 3511 sequemur
666 3437 734 3487 Gudr
751 3453 765 3486 a
782 3452 816 3487 ιιι.
831 3450 867 3504 pr.

519 3607 658 3674 stmulo,
691 3605 1000 3696 uamutprucishorira
1048 3628 1126 3677 nom,
1151 3603 1294 3688 longuersi
1308 3610 1463 3677 intervallo
1478 3616 1533 3678 ad.
1559 3632 1567 3639 ·

535 3683 625 3741 media
638 3626 715 3740 nolte
726 3684 761 3740 ad
778 3684 833 3741 diei
853 3699 944 3742 ortum
965 3705 999 3743 eo
1048 3687 1334 3769 hucdilssrturnssamen
1342 3692 1535 3772 praetergredi'

532 3761 620 3838 nsque
629 3774 785 3838 procurrere
797 3762 922 3818 etrursns
934 3759 1000 3819 iude
1047 3777 1075 3822 et
1097 3784 1112 3820 a
1132 3779 1209 3844 tergo
1232 3765 1382 3843 relinquere
1399 3787 1538 3850 eumque

533 3837 611 3896 filias
624 3853 741 3915 reperere
761 3838 880 3916 potuerit
900 3837 998 3896 Nisus.
1046 3839 1172 3911 evadere,
1197 3842 1244 3899 etsr
1265 3840 1371 3920 aliquot
1393 3846 1538 3911 millibus

423 3928 443 3957 ὀ
532 3914 1001 3992 Enimveronecgeometricasubti·
1051 3918 1140 3976 abeo
1168 3919 1274 3977 abesset.
1310 3921 1362 3979 <Ad
1374 3926 1536 3987 oculorum

532 3988 612 4050 litare
634 3992 661 4049 in
686 3999 765 4068 poeti
786 3993 845 4049 lraec
865 3992 999 4070 exigenda
1049 3994 1390 4058 sensumhercinlocorum
1401 4003 1539 4077 planitie

531 4065 605 4133 sunt,
616 4066 664 4146 qui
676 4068 908 4147 omniuolongius
919 4070 999 4127 cursu
1049 4072 1110 4130 sunt
1120 4072 1309 4149 dijudicanda.
1337 4078 1540 4154 38&stth

532 4145 654 4213 eveslurn
679 4144 779 4204 Nisum
794 4146 932 4204 declarare
951 4167 999 4205 vo·
1048 4149 1085 4207 cf.
1107 4151 1142 4207 ad
1155 4172 1182 4209 v.
1204 4172 1270 4230 ²74·
1308 4152 1540 4219 Caeterumtota

532 4218 595 4279 luit.
645 4219 753 4282 Poterat
773 4223 897 4288 isiacum
911 4224 998 4285 Alba·
1047 4226 1104 4286 lure
1117 4232 1208 4307 poeta
1219 4228 1338 4289 narratio
1351 4233 1473 4320 egregie
1494 4238 1540 4299 ad

1300 4309 1538 4386 “P‘ffiuonem
1572 4340 1578 4353 ·
