3966 4920
641 330 740 407 ‘AD
776 322 1041 403 LIBRUM
1080 318 1167 394 Vll.
1298 341 1363 417 ¹43

434 526 513 609 trans
529 532 661 596 Valesius.
704 529 750 590 lta
763 528 856 589 sudum
873 527 909 586 ub
927 526 974 591 iis,
996 542 1063 602 quos
1080 516 1216 598 Virgilius
1234 517 1287 580 alio
1301 520 1371 578 loco

327 630 328 639 ’
440 625 554 703 sequitur.
596 622 684 688 Nam,
713 621 781 698 quod
803 617 883 678 modo
905 633 967 675 eum
990 613 1106 673 uidimus
1131 607 1228 669 Latini
1248 607 1369 684 maiorue

438 712 510 771 edere
531 716 661 776 Faunum,
680 709 768 769 Picum
779 720 807 766 et
820 709 962 765 Saturnum
972 717 1093 768 aurum,
1111 699 1141 758 id
1156 697 1249 778 paullo
1260 698 1317 775 post
1335 716 1372 754 v.

443 820 488 880 ¹77
508 802 566 879 sqq.
585 790 686 857 deserit.
722 797 753 854 ln
767 796 856 855 Latini
867 794 959 875 regia:
984 796 1054 871 Quin
1065 797 1141 850 etiam
1153 803 1270 848 veturus
1277 789 1377 864 effigies

440 893 560 949 exordiae
571 909 674 946 uvarum
688 886 792 962 Antiqua
811 906 842 943 ex
862 888 948 952 cemos
974 881 1096 959 Italusque
1115 893 1240 956 paterque
1259 874 1381 935 dadinus

327 1008 328 1025 r
441 981 564 1052 Virisator,
581 976 791 1048 curvumsrrvaas
800 972 852 1048 sub
869 977 975 1049 imagine
986 964 1094 1048 fadum,
1116 967 1381 1042 Saturnrypusaeae

442 1065 546 1143 Jaar'qru
566 1063 678 1140 salientis
697 1068 775 1138 imago
796 1059 914 1138 Vestibula
934 1050 1078 1136 afflabunt.
1123 1055 1180 1115 Hic
1201 1055 1310 1115 Sabmus
1330 1055 1380 1115 ul

444 1153 557 1220 Sabinou,
569 1151 614 1229 qui
625 1150 693 1208 inter
704 1149 881 1208 vetustisimos
893 1168 928 1208 eu
938 1148 1086 1207 Ausonibus
1098 1146 1185 1212 suere,
1209 1143 1380 1204 referendae

446 1242 485 1306 eli,
502 1241 585 1320 gentis
603 1238 768 1303 anomalis,
786 1251 844 1295 uta
860 1238 975 1302 Catone,
1006 1238 1097 1297 auster
1111 1231 1239 1300 habitum
1259 1232 1307 1292 etli
1320 1232 1381 1293 alii

448 1328 517 1387 alirrr
533 1329 565 1385 de
574 1325 664 1405 populi
673 1325 774 1404 origine
788 1339 816 1384 et
824 1325 931 1385 nomine
950 1324 1068 1403 argutati
1080 1324 1147 1383 sunt.
1186 1324 1267 1382 Silius
1278 1320 1380 1395 VIII,

447 1435 493 1494 424
517 1417 603 1475 Sabain
620 1414 767 1477 vocatas.
794 1417 926 1490 Pompon.
953 1416 1016 1474 Sab.
1049 1413 1132 1472 adh.
1156 1414 1176 1472 l.
1200 1413 1270 1480 VII,
1301 1420 1378 1491 ¹73·

446 1507 516 1566 Italus
535 1521 619 1564 autem
631 1505 664 1562 ad
678 1505 813 1563 OEnotrios
831 1504 941 1583 spellat,
961 1523 1028 1582 quos
1042 1502 1177 1562 Ausonum
1192 1502 1266 1561 sedes
1276 1503 1307 1561 iu
1319 1490 1380 1565 ex-

446 1606 520 1655 trema
528 1594 603 1655 ltalia
611 1595 746 1671 occupasse
762 1611 800 1663 et,
819 1596 891 1673 quod
910 1593 1048 1674 probabile
1061 1595 1109 1660 est.
1127 1610 1190 1651 cum
1202 1591 1297 1651 iisdem
1308 1613 1383 1669 pro·

445 1683 531 1743 miscuo
543 1682 675 1749 habitasse,
689 1682 765 1760 supra
773 1683 898 1742 vidimus.
937 1684 1067 1759 Namque
1079 1680 1157 1739 inhia
1168 1679 1236 1738 locis
1251 1680 1384 1765 primurm
1448 1750 1458 1758 ,
1548 1668 1556 1679 ’

445 1768 518 1830 ltalia
527 1789 621 1829 nomeu
633 1768 752 1829 auditum
764 1773 811 1838 est,
830 1774 883 1830 five
898 1773 933 1831 ab
945 1772 1017 1831 Italo
1029 1789 1094 1848 rege
1107 1769 1160 1826 sive
1170 1769 1205 1826 ab
1215 1768 1268 1826 alia
1284 1774 1386 1835 caussa

444 1860 548 1920 dullum.
574 1859 610 1917 cs.
631 1859 741 1918 Excurs.
761 1860 833 1920 XXI
852 1861 888 1920 a'd
902 1862 952 1920 lib.
972 1862 999 1919 1.
1037 1858 1137 1916 Italum
1155 1856 1305 1925 OEnotrios,
1326 1862 1386 1938 qui

442 1946 537 2029 dispersu
547 1947 699 2006 habitabant
716 1949 861 2023 (νομάδα-ς),
879 1950 914 2007 ad
928 1947 1120 2026 agriculturam
1134 1943 1280 2013 adduxisse,
1298 1948 1385 2031 leges

441 2036 556 2118 scripsisse
567 2051 604 2101 et,
620 2036 688 2094 inter
697 2038 760 2104 alia,
771 2038 894 2096 sodalitia
905 2037 1086 2114 convivioque
1099 2035 1208 2113 publica
1224 2041 1381 2119 (συςσίτια)

440 2127 552 2187 alsuum
566 2122 641 2201 usque
652 2138 756 2204 tempus
768 2126 937 2204 frequentata
950 2124 1106 2187 constuuilse
1118 2139 1210 2201 narrat
1219 2126 1384 2190 Aristoteles
1457 2140 1461 2175 ῑ

438 2214 465 2274 de
473 2218 550 2290 Rep.
566 2213 633 2279 Vll,
649 2230 693 2279 ro,
705 2214 775 2292 quod
784 2216 877 2274 frustra
889 2228 1020 2274 conantur
1032 2213 1066 2271 ad
1078 2213 1223 2273 Saturnum
1235 2234 1384 2281 revocare.

328 2354 332 2363 .
420 2303 532 2386 ⁴‚Quidni
546 2299 674 2358 OEnotriis
686 2300 740 2360 suas
751 2303 851 2361 fabulas
863 2304 1061 2379 relinquamus?

464 2394 563 2452 Altera
582 2390 732 2464 mythorum
748 2391 907 2451 Latinorum
919 2390 1168 2467 interpolandorum
1181 2390 1251 2450 ratio
1263 2392 1299 2451 ab
1311 2395 1384 2456 alle-

326 2490 328 2515 ³
434 2481 528 2560 goricis
544 2477 735 2538 narrationibus
749 2483 880 2558 prosedla,
899 2500 966 2558 quas
983 2480 1011 2537 in
1025 2480 1195 2540 historiarum
1213 2481 1339 2545 ordinem
1352 2504 1385 2549 et

433 2586 575 2630 numerum
588 2564 693 2625 seriores
705 2571 866 2629 retulerunt:
895 2569 969 2648 quod
982 2569 1054 2627 idem
1066 2569 1138 2628 inter
1148 2572 1263 2632 Graecos
1273 2588 1301 2634 et
1319 2597 1385 2640 om.

326 2682 327 2687 ¹
431 2680 469 2719 nea
480 2654 599 2718 omnino
611 2668 737 2715 terrarum
749 2661 860 2735 populos
873 2660 974 2717 sallum
987 2659 1038 2716 esse
1055 2658 1138 2716 modo
1149 2658 1179 2723 in
1191 2662 1282 2722 multia
1296 2669 1385 2731 modo

431 2747 452 2807 in
462 2746 567 2828 paucis
584 2743 745 2806 manifestum
758 2749 802 2804 eli.
840 2747 884 2806 Ita
899 2750 1041 2814 Saturnus,
1058 2748 1176 2815 Faunus,
1195 2751 1291 2826 Janus,
1309 2755 1386 2820 inter

432 2837 522 2897 Larini
537 2829 652 2906 majores
666 2836 742 2893 relati
752 2835 821 2902 sunt,
830 2836 876 2913 qui
889 2851 981 2893 tamen
993 2834 1140 2912 symbolica
1149 2838 1257 2897 fuerunt
1270 2846 1386 2906 nomina

432 2927 566 3002 resigna,
584 2918 677 2995 quibus
690 2925 777 2981 varias
788 2945 829 2982 res
841 2925 963 3002 pbyficas
973 2938 1001 2982 et
1019 2924 1120 2982 ethicas
1132 2923 1289 2987 declarabat
1302 2938 1386 2994 vetur

433 3016 529 3079 Italia3
553 3022 585 3065 ut
598 3008 647 3066 alio
655 3011 719 3071 loco
735 3013 894 3072 videbimus.
997 3044 1001 3051 1
1138 3002 1141 3007 ⁴

469 3101 527 3159 Sed
538 3096 674 3170 majorem
686 3101 805 3160 mutandi
818 3101 894 3160 etad
908 3101 1078 3178 peregrinam
1097 3103 1215 3162 indolem
1228 3105 1391 3172 inflectendi

436 3193 546 3270 mythos
568 3186 678 3247 Latinos
689 3191 835 3259 licentiam,
856 3197 931 3249 tertio
949 3191 1058 3267 quidem
1069 3192 1142 3257 loco,
1161 3195 1251 3253 attulit
1263 3195 1390 3271 insanum

434 3276 605 3340 Graecanicae
618 3275 741 3337 donnnae
756 3279 784 3338 in
796 3277 1029 3359 patriaslrillorias
1042 3292 1070 3335 et
1083 3280 1226 3358 religiones
1239 3281 1391 3353 inferendae

437 3364 635 3428 studiuminter
647 3365 791 3434 Romanos,
811 3366 885 3445 quod
905 3365 1055 3444 apluribua
1073 3371 1163 3435 caussis
1175 3372 1329 3447 profestum
1342 3381 1392 3437 est.
1503 3396 1507 3405 ’

436 3456 543 3516 Partim
552 3448 626 3507 enirn
635 3450 780 3516 domestica
791 3455 907 3514 historiae
928 3452 1085 3531 antiquioris
1104 3457 1269 3535 ignorantia,
1288 3480 1317 3521 et
1329 3468 1392 3542 ple-

433 3545 495 3607 nior
505 3536 710 3618 expeditiorque
724 3546 884 3603 Graecarum'
901 3562 992 3601 rerum
1003 3545 1137 3621 cognitio,
1156 3548 1257 3624 partim
1276 3550 1392 3609 Graeco-

436 3650 496 3692 rom
508 3625 693 3688 historicorum
702 3635 853 3710 exemplum
863 3632 894 3690 in
903 3630 1054 3710 originibus
1064 3634 1162 3693 veteris
1175 3635 1263 3693 Italiae
1282 3636 1396 3693 eGrae.

442 3722 483 3781 eia
491 3713 660 3781 arcessendis,
673 3738 816 3797 eorumque
828 3720 864 3777 de
880 3735 1003 3777 veterum
1016 3721 1190 3800 Pelasgorum
1203 3722 1396 3785 communibus

400 3864 403 3872 ,
442 3827 506 3866 cum
515 3802 647 3862 Ausonum
656 3808 699 3867 vel
708 3803 889 3888 Aboriginum
900 3823 981 3885 gente
991 3808 1095 3867 sedibus
1113 3815 1156 3886 (v.
1165 3810 1261 3886 supp.
1276 3828 1328 3884 129
1336 3807 1394 3887 sq.)

449 3891 566 3955 mirano
576 3902 603 3945 ct
613 3888 762 3969 disputatio,
784 3897 883 3974 partlm
896 3897 1014 3973 denique
1027 3894 1212 3954 animadversa
1224 3894 1253 3950 in
1264 3896 1400 3955 nonnullis

453 3974 612 4042 Graecanioae
618 3979 728 4060 0rlgiuiu
735 4000 764 4045 et
771 3986 871 4065 lingua
885 3983 999 4061 vestigia
1011 4002 1045 4042 eo
1058 3981 1228 4040 adduxerant
1236 3980 1347 4046 multos,
1368 3995 1400 4040 ut

454 4066 552 4131 omnia,
570 4082 625 4140 ψ
641 4065 672 4130 iu
687 4074 846 4153 antiquitate
866 4070 956 4132 ltalia
969 4070 1082 4130 obscura
1098 4081 1126 4127 et
1144 4087 1240 4143 parum
1257 4071 1402 4146 explorata

1310 4156 1404 4220 essent,
