3966 4920
1260 72 1269 99 l

664 367 826 503 nes!
893 333 1276 461 excursus
1310 381 1340 455 1.
1370 376 1413 456 rr

662 564 806 628 Oceanum
821 568 1020 632 occidentalem
1039 576 1139 652 rejefla
1159 577 1257 639 fuerat.
1297 581 1439 641 Convertit
1454 583 1602 659 subulam!

661 659 795 728 toralias,
809 658 946 719 Homerus
957 662 987 721 in
997 666 1176 726 narrationem
1190 670 1240 739 rei,
1254 692 1316 749 quae
1327 693 1388 729 vere
1397 673 1435 731 ita
1445 678 1530 747 euenit,
1540 696 1563 737 et
1574 682 1602 739 ad

661 743 761 823 Uly'ffis
773 738 859 805 socios
871 752 1013 811 transtulit.
1053 755 1097 812 Ita
1109 773 1184 814 vetus
1196 761 1292 837 myrbus
1305 762 1417 839 hillerico
1428 778 1525 825 narratio
1547 768 1602 829 salla

659 837 708 893 est.
747 837 883 915 Lepidum
896 842 932 898 est
944 859 1143 915 commentum,
1164 865 1349 909 commentum
1369 867 1464 921 tamen,
1475 857 1602 917 duranno

659 926 746 995 ninii,
762 928 809 1004 qui
823 930 880 987 haec
893 932 954 989 loca
967 933 1047 1002 adiit,
1061 935 1089 992 in
1106 939 1177 1013 Vasts
1187 940 1284 1016 Etrusc.
1304 941 1344 998 T.
1354 942 1378 1007 Ι,
1391 963 1419 1020 p.
1433 944 1476 1022 65,
1487 963 1564 1006 natam
1579 952 1602 1007 dr

659 1016 872 1080 Circesabulam
884 1041 921 1081 ex
942 1025 1064 1084 locorum
1084 1028 1172 1098 facic3
1193 1033 1289 1089 rudere
1309 1032 1382 1092 enirn
1403 1034 1431 1092 in
1449 1035 1486 1093 hir
1504 1039 1602 1099 lucina<

657 1104 767 1186 mugire
778 1109 875 1169 stallos
889 1116 925 1170 ad
938 1116 1059 1199 scopulos
1079 1119 1160 1176 maris
1181 1120 1287 1187 nunus,
1307 1140 1343 1199 ‘ut
1360 1126 1457 1183 belluas
1473 1127 1499 1184 in
1515 1127 1602 1188 Circaec

657 1197 772 1255 fremere
784 1201 886 1268 credas,
910 1203 940 1261 in
952 1225 1020 1281 quas
1038 1221 1155 1264 mutatos
1167 1211 1219 1268 elle
1238 1210 1339 1281 socios,
1357 1224 1425 1291 quur
1442 1214 1534 1291 Ulyslcs
1551 1217 1602 1275 desi

657 1285 780 1350 deraban
794 1290 902 1346 credere
914 1288 1015 1367 frotuir.

697 1373 832 1452 Virgilius
843 1380 1021 1439 narrationem
1036 1381 1214 1444 Homericam
1228 1389 1336 1466 copiose
1360 1390 1395 1448 ab
1416 1392 1602 1473 hoc-poetarun

655 1461 739 1537 heroli
765 1468 903 1525 traslatam
922 1472 1016 1531 leviter
1036 1473 1146 1550 attigit:
1167 1476 1224 1546 sed,
1247 1488 1301 1554 quo
1327 1480 1353 1537 se
1377 1482 1520 1542 Homerum
1540 1485 1602 1545 facil

633 1594 634 1597 ,
656 1550 780 1628 superare
792 1555 913 1626 videbat,
936 1580 1024 1619 rerum
1038 1583 1069 1620 ac
1089 1564 1233 1625 verborum
1254 1569 1416 1648 dignitatem
1435 1574 1546 1643 addidit,
1566 1597 1602 1654 qu

656 1637 805 1701 Homerica
818 1649 936 1707 narratio
948 1650 1110 1710 destituitur.

931 1828 955 1888 E
977 1829 1006 1888 Χ
1026 1833 1051 1891 C
1071 1832 1102 1890 U
1120 1832 1148 1891 R
1167 1835 1185 1891 S
1207 1836 1237 1895 U
1257 1838 1274 1895 S
1311 1840 1351 1899 Π.

878 1935 934 2009 De
947 1942 1061 2032 ncceffn
1077 1913 1193 2014 AEneae
1207 1947 1252 2014 ad
1264 1947 1406 2021 Italum.

691 2084 729 2143 29
749 2068 807 2148 sqq.
833 2076 916 2153 Atque
937 2075 978 2133 hic
999 2080 1095 2138 AEneas
1115 2087 1237 2161 ingentem
1248 2108 1283 2141 ex
1295 2109 1392 2165 aequorr
1412 2089 1490 2151 luerim
1509 2096 1602 2175 Prospic

583 2152 586 2156 ’
651 2167 706 2212 etc.
747 2159 898 2237 Appellunt
910 2166 1020 2224 tandem
1034 2168 1062 2224 T
1064 2170 1152 2244 rojani
1173 2171 1209 2228 ad
1230 2171 1350 2244 Italiam,
1372 2179 1516 2240 secundum
1529 2184 1602 2264 Virg

616 2294 619 2298 .
649 2235 718 2302 lium
730 2245 789 2324 ipra
801 2249 912 2308 Tiberis
922 2254 995 2313 ‚ostia
1007 2255 1132 2332 ingressu:
1152 2278 1177 2317 et
1195 2250 1270 2320 latus
1280 2267 1367 2334 fluvio
1378 2273 1487 2341 succedit
1505 2273 1602 2346 (AEnen

650 2346 740 2407 φαίης
758 2336 797 2394 cf.
819 2358 871 2398 201
891 2339 1012 2399 Flumim's
1024 2350 1133 2422 intrastis
1153 2359 1238 2425 rapam
1262 2352 1296 2410 it.
1317 2373 1371 2430 303
1394 2375 1475 2433 optato
1493 2368 1602 2427 condurari

650 2422 767 2498 {ybridis
778 2431 841 2504 ostia,
855 2427 932 2507 super
941 2431 1040 2509 qulbus
1050 2436 1118 2493 locis
1130 2438 1225 2496 frustra
1238 2457 1379 2520 argutatur
1391 2448 1503 2510 Cluver.
1517 2475 1544 2533 p.
1561 2461 1602 2515 88⁴

578 2540 583 2548 ·
651 2512 727 2581 88r;
754 2512 824 2571 sana
849 2529 951 2586 tamen,
967 2519 1048 2596 quod
1071 2524 1191 2582 omniurn
1218 2547 1325 2605 quoque
1349 2537 1476 2611 consensu
1501 2544 1602 2603 traditu

647 2595 764 2658 escensio
781 2602 816 2658 ad
835 2602 964 2662 orientale
982 2607 1060 2664 littus
1073 2609 1101 2665 in
1116 2612 1279 2672 Laurentum
1292 2636 1367 2697 agro.
1407 2623 1549 2688 Locorum
1573 2633 1602 2692 so

648 2704 722 2744 mam
734 2688 803 2748 Exc.
816 2691 860 2748 III
871 2694 968 2752 animis
986 2697 1169 2775 subjiciemus.

686 2772 746 2834 vix
767 2778 796 2836 in
817 2796 896 2856 grato
918 2782 975 2841 solo
991 2787 1183 2860 consederant,
1205 2812 1268 2852 curn
1289 2815 1360 2855 nova
1379 2799 1512 2881 prodigia
1525 2827 1602 2871 cose

638 2883 784 2942 ceperunt.
824 2873 897 2929 Nam
917 2870 994 2933 humi
1016 2878 1182 2950 recubantes,
1205 2901 1244 2951 et,
1266 2903 1334 2945 uta
1356 2892 1439 2970 longa
1453 2899 1600 2978 navigatio

644 2952 701 3010 ruffi
714 2954 800 3013 facere
812 2958 911 3028 solent,
931 2963 995 3021 cibo
1008 2983 1127 3044 potuque
1140 2972 1164 3029 se
1178 2974 1335 3044 reficientes,
1358 3001 1408 3057 pro
1422 2987 1518 3045 mensa
1534 3011 1602 3066 pane

633 3043 743 3117 «pomis,
763 3044 860 3123 quibus
880 3050 1033 3122 vescuntur,
1055 3056 1215 3134 subjiciunt,
1237 3085 1364 3148 moxque,
1384 3092 1465 3130 coena
1478 3076 1602 3138 lasiaco

644 3129 738 3203 sumtis
750 3150 776 3191 et
789 3135 841 3203 his,
853 3142 885 3211 sa
904 3149 998 3221 mensas
1019 3149 1137 3224 comedffi
1159 3150 1280 3229 adeoque
1298 3172 1374 3230 vetus
1392 3162 1579 3239 vaticinium,

643 3223 836 3282 nonnullorum
855 3226 907 3283 fide
922 3231 980 3305 jam
1000 3232 1067 3290 olim
1090 3254 1106 3292 a
1131 3238 1235 3316 Sibylla
1257 3242 1398 3319 Erythraea
1419 3250 1534 3325 datum,
1559 3280 1602 3337 qu

641 3306 715 3367 bunc
727 3331 846 3370 errorum
862 3320 1007 3378 terminum
1021 3324 1133 3398 figebat,
1152 3349 1184 3385 ne
1196 3331 1231 3387 ad
1248 3333 1390 3399 ulteriores,
1399 3340 1564 3404 occidentis
1578 3370 1602 3406 o:

641 3416 796 3479 pergerent,
820 3403 854 3460 ad
877 3423 1006 3484 eventurn
1024 3413 1176 3489 perduxisse
1194 3419 1300 3492 vident,
1323 3440 1353 3482 ut
1373 3447 1389 3483 a
1407 3436 1499 3505 polita
1523 3439 1602 3514 copi<

639 3503 777 3557 narratur,
801 3512 850 3549 nec
864 3493 894 3552 id
908 3498 961 3555 fine
980 3499 1116 3580 dignitate
1134 3505 1211 3583 epica
1225 3510 1342 3581 sadum,
1367 3532 1397 3578 ut
1411 3517 1477 3594 jam
1499 3524 1577 3584 alias
1596 3552 1602 3585 ⁴

611 3586 619 3605 ⁸
639 3578 772 3637 claranum
783 3583 828 3638 est.
852 3586 925 3645 conf.
949 3588 1063 3650 Excurs.
1086 3594 1158 3653 VIII
1178 3598 1228 3659 lib,
1241 3600 1295 3660 III.
1336 3604 1528 3685 Frequentata
1542 3615 1602 3675 fabr

638 3661 773 3735 omnium,
793 3670 844 3747 qui
858 3673 892 3762 de
907 3674 1089 3753 'J'rojanorum
1104 3686 1133 3741 in
1154 3686 1266 3748 Latium
1284 3694 1401 3755 adventu
1427 3702 1602 3765 mernineru

638 3758 852 3829 memorationc3
879 3765 1037 3847 plerumque
1059 3773 1227 3852 simpliciter,
1250 3780 1305 3844 fine
1323 3788 1422 3847 mensae
1438 3796 1574 3858 materia
1598 3825 1602 3854 ι

493 3914 499 3927 .
532 3856 537 3863 '
569 3870 571 3875 ·
595 3841 731 3922 ¹¹'pressa,
756 3863 786 3906 ut
812 3847 842 3907 ln
868 3853 982 3914 Conone
1007 3861 1057 3934 46,
1084 3861 1133 3919 ubl
1159 3871 1231 3937 λόγος
1256 3869 1315 3928 ἔτος
1337 3883 1570 3952 κατημάξευται,
1592 3890 1602 3947 i

636 3928 737 3993 Conon
763 3938 815 3995 five
842 3939 953 4023 Plrotius
973 3947 1091 4022 ,adjecin
1116 3952 1208 4012 tritam
1235 3960 1288 4019 esse
1307 3961 1428 4024 fabulam
1457 3971 1602 4048 significa

595 4060 598 4063 -
636 4023 688 4078 Sed
700 4022 765 4081 inest
779 4027 915 4088 diverfitas
928 4032 956 4088 in
972 4037 1067 4094 mensae
1079 4043 1202 4112 materia,
1223 4066 1305 4124 quam
1318 4052 1368 4110 alii
1392 4076 1451 4114 non
1473 4060 1581 4121 libum

632 4108 725 4187 apium
745 4110 823 4175 fuiffe
846 4119 1025 4186 tradiderunt.
1067 4127 1183 4212 Dionys.
1207 4132 1233 4207 1,
1247 4157 1284 4216 55
1300 4140 1444 4233 utriusque
1459 4152 1602 4217 narratic

1575 4242 1602 4301 fa
