3848 4918
545 392 620 494 336
691 393 734 468 Ρ.
767 392 1058 471 vinorum
1094 382 1389 474 Maaonrs

549 602 556 619 ¹
594 593 684 685 Vos,
697 621 720 668 0
736 595 909 691 Calliope,
921 618 1059 690 precor,
1074 595 1251 693 adspirate
1266 597 1428 682 canenti;
1458 610 1518 694 523

549 727 650 816 Quas
671 732 721 803 ibi
738 748 821 801 tunc
838 727 930 800 ferro
945 727 1085 824 strages,
1109 753 1192 823 quae
1211 732 1333 804 funera
1349 733 1487 806 Turnus

548 870 736 945 Ediderit:
762 890 869 963 quem
891 866 1037 963 quisque
1054 866 1172 938 virum
1185 868 1369 944 demiserit
1386 869 1500 943 Orco:

547 1002 600 1074 Et
618 1022 760 1074 meeum
775 997 929 1094 ingentis
944 1022 1022 1069 oras
1038 999 1189 1070 evolvite
1201 999 1303 1072 belli.

534 1136 619 1221 rEt
630 1133 840 1207 meministis
852 1134 960 1220 enim,
972 1132 1079 1222 divae,
1091 1151 1125 1206 et
1137 1159 1335 1208 memorare
1346 1139 1525 1234 potestis!

581 1355 639 1404 525.
655 1340 796 1389 Heumann.
815 1336 877 1403 conj.
896 1342 946 1396 Vos,
961 1339 1093 1407 ocalliopae‚
1111 1340 1218 1403 graviter
1234 1339 1265 1389 ob
1285 1340 1310 1389 id
1327 1341 1444 1406 vapulans
1466 1343 1529 1389 Bur·

548 1434 648 1475 manno.
663 1417 731 1465 Idem
748 1426 873 1465 enotatum
884 1431 913 1462 ex
924 1413 1098 1474 Eri—526.
1117 1430 1166 1464 runc
1176 1415 1257 1475 Heius.
1274 1417 1389 1465 eMedie.
1401 1428 1426 1465 et
1444 1433 1475 1481 ex
1492 1415 1525 1465 al.

550 1499 643 1570 Vulgo,
657 1511 716 1555 rum3
734 1495 774 1542 alii
793 1513 846 1543 cum.
874 1496 938 1560 ferro
951 1507 995 1541 rum
1007 1493 1233 1555 Dorvill.——527.
1254 1495 1357 1563 Dimiserr'e
1368 1495 1438 1544 multi
1449 1493 1527 1545 ethic

549 1593 590 1641 ap·
607 1571 812 1632 Bnrm.--528.
836 1573 899 1619 boras
919 1583 967 1618 tres
985 1587 1024 1635 ap.
1045 1572 1130 1619 Burro.
1153 1582 1178 1620 et
1199 1572 1272 1622 Goth.
1292 1583 1347 1622 tert.
1364 1576 1445 1632 heroas,
1460 1570 1528 1636 quod

550 1651 623 1701 nihili
638 1650 685 1708 οὓς
701 1649 874 1714 interpretatur
890 1659 971 1695 tamen
991 1650 1054 1696 horas
1070 1648 1144 1697 eriam
1155 1647 1204 1713 Jul.
1216 1648 1315 1697 Sabinus
1330 1660 1359 1699 ut
1377 1648 1406 1697 fit
1424 1659 1531 1713 tempus,

550 1746 601 1796 quo
619 1727 735 1778 bellatum
746 1725 792 1783 est3
809 1724 849 1773 sed
866 1726 928 1772 Ven.
952 1724 1050 1790 cauffas:
1066 1725 1103 1773 uti
1120 1725 1193 1773 etiam
1210 1726 1234 1773 in
1253 1726 1364 1775 Enniano
1382 1726 1450 1774 versu
1469 1724 1528 1790 (vid.

549 1805 624 1874 piot.)
639 1802 752 1853 exhibent
766 1801 892 1850 Diomedis
911 1813 935 1849 et
954 1800 1114 1866 Quindiliaoi
1131 1800 1187 1861 libpi
1198 1804 1243 1859 VI,
1262 1816 1287 1862 3,
1305 1801 1347 1861 86,
1362 1801 1426 1851 male
1436 1802 1528 1866 utique.

552 1886 607 1935 Nec
617 1881 703 1932 melius
711 1879 751 1927 alii
763 1880 827 1943 conj.
846 1883 897 1927 iras.
907 1896 985 1936 curas3
1002 1893 1059 1925 nam
1069 1897 1116 1926 oras
1128 1879 1265 1929 Ennianum
1276 1878 1318 1927 est.
1351 1880 1419 1929 Tum
1440 1882 1531 1928 evertite

552 1969 651 2026 Menag.
668 1975 706 2024 pr.
721 1942 813 2006 eaolvire
823 1957 885 2005 alter
901 1955 998 2012 Hamb„
1015 1955 1101 2004 frustra
1112 1955 1161 2023 vid.
1177 1955 1241 2005 laud
1258 1955 1288 2004 ab
1299 1957 1382 2005 Burro.
1404 1957 1529 2007 Barthium

551 2041 584 2088 ad
602 2042 663 2089 Stat.
684 2037 693 2081 1
713 2033 791 2082 Theb.
814 2047 848 2092 23
864 2033 924 2080 adde
946 2031 1053 2080 Stoeber.
1072 2032 1102 2080 ad
1122 2031 1211 2080 Manis.
1222 2034 1242 2091 1,
1257 2032 1437 2099 τιὰ-529,
1454 2034 1530 2084 Abest

551 2117 634 2165 versus
651 2112 792 2161 melioribus
807 2111 874 2159 libris
892 2126 948 2158 cum
968 2111 1099 2158 Mediceo:
1125 2110 1185 2158 adde
1203 2109 1291 2174 fragm.
1313 2111 1403 2170 Vario,
1423 2123 1448 2162 et
1464 2114 1529 2163 rede

551 2192 673 2259 judicabat
684 2188 797 2238 Heinsius
806 2188 852 2237 effe
860 2204 916 2237 eum
924 2187 963 2235 hic
972 2187 1117 2236 inculcatum
1126 2203 1155 2235 ex
1165 2187 1215 2251 sup.
1229 2185 1271 2238 lib.
1285 2189 1341 2247 Vll,
1352 2186 1383 2246 64
1383 2201 1411 2249 5,
1438 2188 1531 2238 Aberat

553 2278 650 2339 quoque
659 2267 736 2318 Goth.
748 2268 800 2324 see,
817 2280 841 2315 at
853 2269 878 2316 in
889 2283 925 2335 pr.
946 2267 1137 2332 praemittebatur
1147 2266 1272 2332 superiori.

595 2463 648 2522 525
663 2441 721 2518 sqq.
742 2439 871 2497 Praeclara
881 2439 954 2496 haec:
976 2438 1016 2495 sa·
1066 2439 1167 2496 Annal.
1181 2438 1244 2495 teste
1261 2437 1386 2496 Macrob.
1400 2437 1458 2508 VI,
1479 2451 1534 2498 ret

553 2521 593 2581 eit
613 2520 687 2578 enirn
711 2515 853 2575 Musarum
880 2515 1018 2573 invocatio
1065 2515 1175 2574 Servio:
1196 2517 1252 2591 Qi
1267 2526 1330 2591 poris
1350 2525 1459 2604 ingentis
1476 2540 1532 2575 oras

553 2596 700 2676 plurimum
713 2595 748 2652 ad
757 2593 948 2651 convertendos
961 2592 1019 2649 ani-
1064 2592 1183 2651 evolvere
1202 2592 1287 2650 belli?
1305 2608 1333 2650 et
1353 2593 1417 2651 hinc
1441 2595 1529 2683 expli-

554 2673 806 2738 mosinTumurn,
824 2667 872 2745 qui
885 2690 955 2726 nunc
976 2690 1017 2727 re·
1065 2670 1190 2729 candum.
1230 2693 1282 2728 orae
1300 2669 1429 2728 videntur
1454 2671 1535 2729 dreia

554 2749 606 2815 bus
635 2749 716 2827 gestie
746 2761 802 2805 erat
815 2804 818 2811 ,
831 2747 1015 2805 illustrandus:
1062 2747 1150 2823 fimpl.
1174 2766 1224 2823 pro
1247 2747 1380 2824 partibus,
1404 2761 1438 2805 ut
1454 2751 1532 2825 fines,

554 2827 640 2895 modo
662 2845 717 2882 non
730 2843 763 2881 ex
787 2824 911 2881 Homero
925 2824 1018 2881 omnia
1063 2826 1098 2882 de
1120 2839 1182 2881 toto
1204 2825 1278 2894 locu,
1303 2822 1398 2901 spatio.
1443 2825 1533 2885 bellum

554 2900 638 2960 nimis
650 2899 786 2958 manifeste
807 2902 886 2958 esseut
909 2901 1020 2959 transla-
1063 2903 1098 2959 est
1108 2921 1207 2979 pugna,
1220 2921 1279 2978 quae
1292 2904 1434 2978 quomodo
1443 2903 1532 2962 omni-

554 2994 596 3049 ta;
617 2996 701 3055 aquo
713 2992 802 3034 tamen
821 2977 934 3037 omnino
953 2978 1018 3035 dili·
1065 2978 1116 3035 bus
1147 2977 1215 3035 locis
1246 2998 1294 3067 per
1324 2993 1410 3037 totam
1445 2980 1531 3038 aciem

554 3056 661 3136 gentius
673 3069 795 3112 curatum
809 3056 856 3120 est,
873 3070 903 3113 ut
916 3054 1018 3122 omnia,
1066 3054 1136 3113 farra
1148 3055 1191 3120 fit,
1213 3060 1276 3132 qura'
1285 3074 1419 3132 exponere
1472 3058 1532 3116 siit?

553 3156 614 3226 quae
639 3132 769 3201 narravit,
798 3152 853 3189 non
874 3151 908 3188 ex
930 3138 1019 3210 podtae
1066 3134 1201 3209 Ἀςγαλὲον
1219 3133 1243 3190 δέ
1259 3161 1291 3205 με
1305 3143 1412 3204 rafim
1447 3138 1533 3198 aduris,

553 3212 666 3290 ¹ingenio
676 3210 722 3268 sed
735 3230 750 3267 a
771 3226 859 3267 vetere
871 3210 942 3269 sama
954 3228 1016 3287 pro·
1066 3215 1142 3271 πάντ’
1161 3216 1295 3287 ἀγορεῦσαι
1309 3227 1363 3271 ete.
1389 3213 1489 3290 (Iliad.
1500 3240 1532 3284 μ,

553 3290 625 3348 seda
659 3290 710 3346 esse
738 3287 906 3353 viderentur,
957 3307 1018 3351 uam
1070 3290 1148 3369 176).
1163 3323 1171 3357 ,-
1188 3290 1304 3365 Adjeera
1321 3309 1387 3358 vox,
1398 3293 1531 3358 evolvere,

553 3365 642 3425 Musae
657 3365 866 3442 suppeditarent.
905 3308 1018 3422 Ianir·
1066 3367 1095 3424 in
1109 3364 1229 3423 animum
1243 3366 1387 3423 revocabat
1399 3367 1535 3427 Turnebo

553 3443 624 3520 gilio
638 3458 732 3498 eontra
744 3441 826 3499 nimis
848 3443 1018 3500 manifestum
1066 3464 1125 3502 oras
1150 3443 1278 3501 vestium:
1309 3444 1383 3521 quod
1410 3446 1533 3503 alienum

553 3519 601 3591 est,
626 3537 660 3574 ex
685 3518 797 3594 poetico
810 3550 814 3557 ⁴
828 3519 943 3576 artificio
969 3534 1016 3577 aut
1063 3522 1109 3581 est.
1151 3520 1235 3597 Apud
1256 3520 1374 3578 Homer.
1398 3521 1483 3582 Iliad.
1506 3523 1531 3589 δ,

552 3595 671 3667 formula
690 3595 799 3669 po'e'tica
819 3594 874 3651 haec
896 3597 946 3673 esse
972 3596 1015 3654 in·
1066 3619 1117 3677 371
1144 3601 1252 3675 γιφόςας
1271 3603 1388 3669 πολέμοιο
1407 3618 1457 3676 per
1476 3623 1536 3660 oras

552 3675 630 3735 serm.
672 3672 730 3738 Vos,
754 3696 767 3729 o
791 3672 913 3749 Calliope.
958 3673 1015 3729 Ex·
1063 3676 1206 3744 illustrant,
1245 3695 1384 3754 perperam
1424 3675 1534 3755 utique,

552 3751 642 3826 empla
662 3749 795 3825 enallages
818 3747 863 3805 seu
882 3749 1016 3826 syllepfios
1064 3772 1126 3812 nam
1139 3752 1194 3811 illae
1205 3750 1265 3811 sunt
1276 3753 1450 3812 intervallum
1462 3755 1535 3814 inter

552 3829 608 3888 vid.
631 3848 674 3904 ap.
694 3826 813 3883 Cerdam
833 3840 861 3883 et
881 3826 959 3893 alios,
986 3843 1017 3884 ut
1064 3842 1206 3907 utramque
1238 3830 1337 3899 aciem,
1369 3850 1423 3906 qua
1457 3847 1536 3911 parte

551 3923 638 3985 nuper
650 3909 679 3962 in
691 3901 822 3981 Heufing.
835 3903 870 3960 ad
883 3902 939 3961 Off.
952 3902 1015 3964 Cic.
1065 3920 1285 3985 propugnatores,
1299 3912 1447 3985 πςόμχοι,
1471 3929 1535 3986 pro-

551 3983 629 4063 praef.
643 4003 670 4061 p.
686 3987 750 4057 37·'
1064 3984 1161 4053 deunt,
1190 3985 1270 4061 seque
1300 3986 1420 4045 invicem
1449 3985 1537 4046 armis

592 4080 658 4138 525·
680 4057 749 4116 Vid.
762 4055 843 4116 Iliad.
858 4061 885 4129 ξ,
908 4057 1016 4139 508‘sq.
1098 4075 1168 4119 tunt.
1208 4061 1317 4121 Servius
1335 4085 1391 4121 oras
1409 4076 1536 4123 extrema

552 4155 619 4216 527.
628 4134 830 4212 Ἀ’ίδιπςοΐαψεν
842 4138 901 4215 quis
909 4136 1018 4194 nescit?
1083 4138 1196 4195 ellorurn
1225 4139 1358 4218 exponit;
1390 4140 1536 4202 enimvero

552 4220 620 4295 528.
640 4212 741 4272 Versus
765 4212 905 4274 Ennianus
921 4233 955 4273 ex
974 4213 1018 4273 VI
1063 4214 1099 4273 de
1111 4216 1313 4297 puguaagitur.

1467 4274 1555 4378 530(
