<?xml version="1.0" encoding="UTF-8"?>
<!DOCTYPE html PUBLIC "-//W3C//DTD XHTML 1.0 Transitional//EN"
    "http://www.w3.org/TR/xhtml1/DTD/xhtml1-transitional.dtd">
<html xmlns="http://www.w3.org/1999/xhtml" xml:lang="en" lang="en">
 <head>
  <title>
</title>
<meta http-equiv="Content-Type" content="text/html;charset=utf-8" />
  <meta name='ocr-system' content='tesseract 3.04.00' />
  <meta name='ocr-capabilities' content='ocr_page ocr_carea ocr_par ocr_line ocrx_word'/>
</head>
<body>
  <div class='ocr_page' id='page_1' title='image "./operavarietatel03virggoog/operavarietatel03virggoog_0546.png"; bbox 0 0 3782 4894; ppageno 0'>
   <div class='ocr_carea' id='block_1_1' title="bbox 647 340 1380 457">
    <p class='ocr_par' dir='ltr' id='par_1_1' title="bbox 647 340 1380 457">
     <span class='ocr_line' id='line_1_1' title="bbox 647 340 1380 457; baseline 0.004 -31"><span class='ocrx_word' id='word_1_1' title='bbox 647 380 722 457; x_wconf 71' lang='lat'>494</span> <span class='ocrx_word' id='word_1_2' title='bbox 885 340 1380 429; x_wconf 72' lang='lat' dir='ltr'>nxeunsusr</span> 
     </span>
    </p>
   </div>
   <div class='ocr_carea' id='block_1_2' title="bbox 649 521 1516 629">
    <p class='ocr_par' dir='ltr' id='par_1_2' title="bbox 649 521 1516 629">
     <span class='ocr_line' id='line_1_2' title="bbox 649 521 1516 629; baseline -0.005 -16"><span class='ocrx_word' id='word_1_3' title='bbox 649 555 822 613; x_wconf 75' lang='lat' dir='ltr'><strong>Mantuam:</strong></span> <span class='ocrx_word' id='word_1_4' title='bbox 842 566 905 629; x_wconf 86' lang='lat' dir='ltr'>quae</span> <span class='ocrx_word' id='word_1_5' title='bbox 912 547 988 607; x_wconf 88' lang='lat' dir='ltr'>unde</span> <span class='ocrx_word' id='word_1_6' title='bbox 1000 546 1155 627; x_wconf 86' lang='lat' dir='ltr'>acceperit,</span> <span class='ocrx_word' id='word_1_7' title='bbox 1168 565 1235 606; x_wconf 90' lang='lat' dir='ltr'>cum</span> <span class='ocrx_word' id='word_1_8' title='bbox 1249 521 1344 627; x_wconf 83' lang='lat' dir='ltr'>inepta</span> <span class='ocrx_word' id='word_1_9' title='bbox 1358 548 1449 626; x_wconf 77' lang='lat' dir='ltr'>prorsus</span> <span class='ocrx_word' id='word_1_10' title='bbox 1457 548 1516 620; x_wconf 80' lang='lat' dir='ltr'>fiot,</span> 
     </span>
    </p>
   </div>
   <div class='ocr_carea' id='block_1_3' title="bbox 523 635 1520 715">
    <p class='ocr_par' dir='ltr' id='par_1_3' title="bbox 523 635 1520 715">
     <span class='ocr_line' id='line_1_3' title="bbox 523 635 1520 715; baseline -0.007 -10"><span class='ocrx_word' id='word_1_11' title='bbox 523 702 528 711; x_wconf 81' lang='grc'>,</span> <span class='ocrx_word' id='word_1_12' title='bbox 647 644 732 703; x_wconf 78' lang='lat' dir='ltr'>facile</span> <span class='ocrx_word' id='word_1_13' title='bbox 749 643 836 701; x_wconf 85' lang='lat' dir='ltr'>dicat.</span> <span class='ocrx_word' id='word_1_14' title='bbox 875 638 1028 698; x_wconf 79' lang='lat' dir='ltr'>Thebanos</span> <span class='ocrx_word' id='word_1_15' title='bbox 1051 636 1146 695; x_wconf 87' lang='lat' dir='ltr'>intulit</span> <span class='ocrx_word' id='word_1_16' title='bbox 1169 635 1243 705; x_wconf 77' lang='lat' dir='ltr'>forte</span> <span class='ocrx_word' id='word_1_17' title='bbox 1271 651 1381 715; x_wconf 89' lang='lat' dir='ltr'>propter</span> <span class='ocrx_word' id='word_1_18' title='bbox 1403 639 1520 699; x_wconf 56' lang='lat' dir='ltr'>Manto„</span> 
     </span>
    </p>
   </div>
   <div class='ocr_carea' id='block_1_4' title="bbox 639 725 1524 2068">
    <p class='ocr_par' dir='ltr' id='par_1_4' title="bbox 639 725 1524 2068">
     <span class='ocr_line' id='line_1_4' title="bbox 648 725 1520 810; baseline -0.002 -20"><span class='ocrx_word' id='word_1_19' title='bbox 648 731 765 810; x_wconf 87' lang='lat' dir='ltr'>quidem</span> <span class='ocrx_word' id='word_1_20' title='bbox 775 727 883 805; x_wconf 80' lang='lat' dir='ltr'>judicio</span> <span class='ocrx_word' id='word_1_21' title='bbox 894 729 953 786; x_wconf 85' lang='lat' dir='ltr'>haec</span> <span class='ocrx_word' id='word_1_22' title='bbox 967 727 1063 785; x_wconf 89' lang='lat' dir='ltr'>omnia</span> <span class='ocrx_word' id='word_1_23' title='bbox 1076 725 1158 785; x_wconf 84' lang='lat' dir='ltr'>facile</span> <span class='ocrx_word' id='word_1_24' title='bbox 1172 725 1317 803; x_wconf 81' lang='lat' dir='ltr'>expedias,</span> <span class='ocrx_word' id='word_1_25' title='bbox 1337 727 1520 788; x_wconf 73' lang='lat' dir='ltr'>finenineriu</span> 
     </span>
     <span class='ocr_line' id='line_1_5' title="bbox 648 814 1520 897; baseline -0.002 -18"><span class='ocrx_word' id='word_1_26' title='bbox 648 839 697 881; x_wconf 83' lang='lat' dir='ltr'>cos</span> <span class='ocrx_word' id='word_1_27' title='bbox 707 818 946 897; x_wconf 53' lang='lat' dir='ltr'>antiquitusccum</span> <span class='ocrx_word' id='word_1_28' title='bbox 954 830 1032 873; x_wconf 75' lang='lat' dir='ltr'>trans</span> <span class='ocrx_word' id='word_1_29' title='bbox 1043 814 1221 891; x_wconf 86' lang='lat' dir='ltr'>Apenninum</span> <span class='ocrx_word' id='word_1_30' title='bbox 1234 815 1290 872; x_wconf 88' lang='lat' dir='ltr'>late</span> <span class='ocrx_word' id='word_1_31' title='bbox 1303 815 1393 874; x_wconf 84' lang='lat' dir='ltr'>omnia</span> <span class='ocrx_word' id='word_1_32' title='bbox 1400 830 1520 886; x_wconf 71' lang='lat' dir='ltr'>tenerent,</span> 
     </span>
     <span class='ocr_line' id='line_1_6' title="bbox 648 903 1521 987; baseline -0.006 -18"><span class='ocrx_word' id='word_1_33' title='bbox 648 930 731 969; x_wconf 88' lang='lat' dir='ltr'>onem</span> <span class='ocrx_word' id='word_1_34' title='bbox 745 907 990 985; x_wconf 85' lang='lat' dir='ltr'>circumpadanam</span> <span class='ocrx_word' id='word_1_35' title='bbox 1003 906 1032 964; x_wconf 93' lang='lat' dir='ltr'>in</span> <span class='ocrx_word' id='word_1_36' title='bbox 1048 907 1105 964; x_wconf 86' lang='lat' dir='ltr'>XII</span> <span class='ocrx_word' id='word_1_37' title='bbox 1120 903 1248 964; x_wconf 83' lang='lat' dir='ltr'>civitaten</span> <span class='ocrx_word' id='word_1_38' title='bbox 1262 904 1427 980; x_wconf 74' lang='lat' dir='ltr'>descripsisse,</span> <span class='ocrx_word' id='word_1_39' title='bbox 1439 926 1521 987; x_wconf 49' lang='lat' dir='ltr'>quemn</span> 
     </span>
     <span class='ocr_line' id='line_1_7' title="bbox 649 994 1521 1077; baseline 0.001 -21"><span class='ocrx_word' id='word_1_40' title='bbox 649 997 718 1058; x_wconf 86' lang='lat' dir='ltr'>dum</span> <span class='ocrx_word' id='word_1_41' title='bbox 729 998 787 1077; x_wconf 87' lang='lat' dir='ltr'>ipsa</span> <span class='ocrx_word' id='word_1_42' title='bbox 800 995 912 1055; x_wconf 81' lang='lat' dir='ltr'>Etruria</span> <span class='ocrx_word' id='word_1_43' title='bbox 926 996 984 1054; x_wconf 89' lang='lat' dir='ltr'>XII</span> <span class='ocrx_word' id='word_1_44' title='bbox 1003 995 1133 1054; x_wconf 77' lang='lat' dir='ltr'>civitaten</span> <span class='ocrx_word' id='word_1_45' title='bbox 1146 994 1285 1071; x_wconf 83' lang='lat' dir='ltr'>principer</span> <span class='ocrx_word' id='word_1_46' title='bbox 1298 994 1420 1053; x_wconf 87' lang='lat' dir='ltr'>habebat.</span> <span class='ocrx_word' id='word_1_47' title='bbox 1455 995 1503 1055; x_wconf 82' lang='lat' dir='ltr'>ef.</span> <span class='ocrx_word' id='word_1_48' title='bbox 1516 998 1521 1057; x_wconf 84' lang='lat' dir='ltr'>I</span> 
     </span>
     <span class='ocr_line' id='line_1_8' title="bbox 650 1081 1521 1164; baseline 0.002 -20"><span class='ocrx_word' id='word_1_49' title='bbox 650 1087 695 1152; x_wconf 88' lang='grc' dir='ltr'>ΙΙ,</span> <span class='ocrx_word' id='word_1_50' title='bbox 716 1106 761 1164; x_wconf 87' lang='lat'>17.</span> <span class='ocrx_word' id='word_1_51' title='bbox 783 1086 850 1144; x_wconf 86' lang='lat' dir='ltr'>Lir.</span> <span class='ocrx_word' id='word_1_52' title='bbox 865 1087 905 1151; x_wconf 90' lang='lat' dir='ltr'>V,</span> <span class='ocrx_word' id='word_1_53' title='bbox 926 1105 973 1162; x_wconf 91' lang='grc'>33.</span> <span class='ocrx_word' id='word_1_54' title='bbox 1013 1083 1089 1141; x_wconf 87' lang='lat' dir='ltr'>Inter</span> <span class='ocrx_word' id='word_1_55' title='bbox 1101 1085 1151 1141; x_wconf 85' lang='lat' dir='ltr'>has</span> <span class='ocrx_word' id='word_1_56' title='bbox 1166 1083 1222 1141; x_wconf 89' lang='lat' dir='ltr'>XII</span> <span class='ocrx_word' id='word_1_57' title='bbox 1236 1081 1364 1142; x_wconf 82' lang='lat' dir='ltr'>ciuitates</span> <span class='ocrx_word' id='word_1_58' title='bbox 1382 1083 1521 1164; x_wconf 80' lang='lat' dir='ltr'><strong>Virgilium</strong></span> 
     </span>
     <span class='ocr_line' id='line_1_9' title="bbox 649 1168 1521 1253; baseline 0 -16"><span class='ocrx_word' id='word_1_59' title='bbox 649 1192 711 1237; x_wconf 72' lang='grc' dir='ltr'>ποτ</span> <span class='ocrx_word' id='word_1_60' title='bbox 721 1198 776 1237; x_wconf 90' lang='lat' dir='ltr'>uon</span> <span class='ocrx_word' id='word_1_61' title='bbox 788 1176 871 1236; x_wconf 87' lang='lat' dir='ltr'>modo</span> <span class='ocrx_word' id='word_1_62' title='bbox 881 1175 998 1234; x_wconf 80' lang='lat' dir='ltr'>retuliffe</span> <span class='ocrx_word' id='word_1_63' title='bbox 1008 1168 1158 1235; x_wconf 80' lang='lat' dir='ltr'>Mantuam</span> <span class='ocrx_word' id='word_1_64' title='bbox 1168 1173 1242 1233; x_wconf 88' lang='lat' dir='ltr'>suam</span> <span class='ocrx_word' id='word_1_65' title='bbox 1254 1196 1263 1243; x_wconf 82' lang='lat'>3</span> <span class='ocrx_word' id='word_1_66' title='bbox 1283 1175 1313 1233; x_wconf 90' lang='lat' dir='ltr'>id</span> <span class='ocrx_word' id='word_1_67' title='bbox 1327 1174 1398 1253; x_wconf 88' lang='lat' dir='ltr'>quod</span> <span class='ocrx_word' id='word_1_68' title='bbox 1410 1177 1521 1238; x_wconf 75' lang='lat' dir='ltr'>rettefn</span> 
     </span>
     <span class='ocr_line' id='line_1_10' title="bbox 647 1261 1522 1342; baseline -0.005 -13"><span class='ocrx_word' id='word_1_69' title='bbox 647 1286 715 1329; x_wconf 72' lang='lat' dir='ltr'>nam</span> <span class='ocrx_word' id='word_1_70' title='bbox 726 1268 810 1326; x_wconf 88' lang='lat' dir='ltr'>etiam</span> <span class='ocrx_word' id='word_1_71' title='bbox 825 1266 895 1325; x_wconf 86' lang='lat' dir='ltr'>Plin.</span> <span class='ocrx_word' id='word_1_72' title='bbox 911 1266 971 1331; x_wconf 87' lang='grc' dir='ltr'><strong>ΙΙΙ,</strong></span> <span class='ocrx_word' id='word_1_73' title='bbox 999 1264 1068 1340; x_wconf 78' lang='lat' dir='ltr'>ips.</span> <span class='ocrx_word' id='word_1_74' title='bbox 1089 1284 1125 1342; x_wconf 84' lang='lat'>23</span> <span class='ocrx_word' id='word_1_75' title='bbox 1148 1266 1264 1323; x_wconf 77' lang='lat' dir='ltr'>Mantua</span> <span class='ocrx_word' id='word_1_76' title='bbox 1282 1261 1411 1339; x_wconf 62' lang='lat' dir='ltr'>Taurorum</span> <span class='ocrx_word' id='word_1_77' title='bbox 1430 1282 1522 1329; x_wconf 59' lang='lat' dir='ltr'>tram⁴</span> 
     </span>
     <span class='ocr_line' id='line_1_11' title="bbox 639 1353 1522 1437; baseline 0.005 -25"><span class='ocrx_word' id='word_1_78' title='bbox 639 1355 700 1431; x_wconf 72' lang='lat' dir='ltr'>fila</span> <span class='ocrx_word' id='word_1_79' title='bbox 713 1357 835 1437; x_wconf 77' lang='lat' dir='ltr'>reliqua:</span> <span class='ocrx_word' id='word_1_80' title='bbox 857 1375 954 1413; x_wconf 85' lang='lat' dir='ltr'>verum</span> <span class='ocrx_word' id='word_1_81' title='bbox 975 1354 1062 1413; x_wconf 86' lang='lat' dir='ltr'>etiam</span> <span class='ocrx_word' id='word_1_82' title='bbox 1079 1354 1235 1433; x_wconf 81' lang='lat' dir='ltr'><strong>principem</strong></span> <span class='ocrx_word' id='word_1_83' title='bbox 1254 1353 1360 1412; x_wconf 76' lang='lat' dir='ltr'>caeteris</span> <span class='ocrx_word' id='word_1_84' title='bbox 1373 1356 1522 1432; x_wconf 77' lang='lat' dir='ltr'>praeposuiffi</span> 
     </span>
     <span class='ocr_line' id='line_1_12' title="bbox 649 1444 1513 1505; baseline 0 -1"><span class='ocrx_word' id='word_1_85' title='bbox 649 1446 787 1505; x_wconf 83' lang='lat' dir='ltr'>honorem</span> <span class='ocrx_word' id='word_1_86' title='bbox 799 1466 862 1504; x_wconf 89' lang='lat' dir='ltr'>eum</span> <span class='ocrx_word' id='word_1_87' title='bbox 872 1448 908 1504; x_wconf 85' lang='lat' dir='ltr'>ab</span> <span class='ocrx_word' id='word_1_88' title='bbox 918 1444 980 1504; x_wconf 84' lang='lat' dir='ltr'>aliis</span> <span class='ocrx_word' id='word_1_89' title='bbox 990 1444 1121 1504; x_wconf 81' lang='lat' dir='ltr'>Bononia</span> <span class='ocrx_word' id='word_1_90' title='bbox 1131 1444 1257 1503; x_wconf 83' lang='lat' dir='ltr'>habitum</span> <span class='ocrx_word' id='word_1_91' title='bbox 1270 1444 1383 1502; x_wconf 86' lang='lat' dir='ltr'>constat.</span> <span class='ocrx_word' id='word_1_92' title='bbox 1419 1445 1513 1504; x_wconf 85' lang='lat' dir='ltr'><strong>Plinius</strong></span> 
     </span>
     <span class='ocr_line' id='line_1_13' title="bbox 648 1535 1523 1619; baseline 0.002 -25"><span class='ocrx_word' id='word_1_93' title='bbox 648 1536 700 1594; x_wconf 85' lang='lat' dir='ltr'>lib.</span> <span class='ocrx_word' id='word_1_94' title='bbox 715 1538 774 1603; x_wconf 86' lang='lat' dir='ltr'>III,</span> <span class='ocrx_word' id='word_1_95' title='bbox 792 1546 825 1616; x_wconf 80' lang='grc' dir='ltr'>Ις</span> <span class='ocrx_word' id='word_1_96' title='bbox 840 1538 859 1595; x_wconf 87' lang='lat' dir='ltr'>s.</span> <span class='ocrx_word' id='word_1_97' title='bbox 883 1557 920 1595; x_wconf 98' lang='grc'>20</span> <span class='ocrx_word' id='word_1_98' title='bbox 942 1536 1057 1593; x_wconf 84' lang='lat' dir='ltr'>Bononia</span> <span class='ocrx_word' id='word_1_99' title='bbox 1071 1535 1096 1593; x_wconf 82' lang='lat' dir='ltr'><em>F</em></span> <span class='ocrx_word' id='word_1_100' title='bbox 1096 1535 1172 1614; x_wconf 85' lang='lat' dir='ltr'>elfina</span> <span class='ocrx_word' id='word_1_101' title='bbox 1184 1540 1306 1619; x_wconf 77' lang='lat' dir='ltr'>vocitata</span> <span class='ocrx_word' id='word_1_102' title='bbox 1319 1557 1372 1591; x_wconf 86' lang='lat' dir='ltr'>cum</span> <span class='ocrx_word' id='word_1_103' title='bbox 1379 1537 1523 1611; x_wconf 74' lang='lat' dir='ltr'>princepsE</span> 
     </span>
     <span class='ocr_line' id='line_1_14' title="bbox 649 1623 1523 1704; baseline 0 -19"><span class='ocrx_word' id='word_1_104' title='bbox 649 1630 726 1704; x_wconf 61' lang='lat' dir='ltr'>fin</span> <span class='ocrx_word' id='word_1_105' title='bbox 746 1628 795 1685; x_wconf 87' lang='lat' dir='ltr'>etsr</span> <span class='ocrx_word' id='word_1_106' title='bbox 802 1627 936 1685; x_wconf 88' lang='lat' dir='ltr'>sententia</span> <span class='ocrx_word' id='word_1_107' title='bbox 949 1624 1029 1684; x_wconf 81' lang='lat' dir='ltr'>Plinii</span> <span class='ocrx_word' id='word_1_108' title='bbox 1044 1639 1073 1682; x_wconf 90' lang='lat' dir='ltr'>et</span> <span class='ocrx_word' id='word_1_109' title='bbox 1083 1626 1139 1683; x_wconf 77' lang='lat' dir='ltr'>hec</span> <span class='ocrx_word' id='word_1_110' title='bbox 1148 1625 1199 1681; x_wconf 83' lang='lat' dir='ltr'>eise</span> <span class='ocrx_word' id='word_1_111' title='bbox 1212 1624 1320 1701; x_wconf 85' lang='lat' dir='ltr'>potest:</span> <span class='ocrx_word' id='word_1_112' title='bbox 1340 1623 1450 1683; x_wconf 81' lang='lat' dir='ltr'>fuiii‘eet</span> <span class='ocrx_word' id='word_1_113' title='bbox 1460 1623 1523 1704; x_wconf 79' lang='lat' dir='ltr'>ipsar</span> 
     </span>
     <span class='ocr_line' id='line_1_15' title="bbox 641 1715 1523 1798; baseline 0 -19"><span class='ocrx_word' id='word_1_114' title='bbox 641 1721 737 1778; x_wconf 65' lang='lat' dir='ltr'>{inam</span> <span class='ocrx_word' id='word_1_115' title='bbox 748 1720 821 1778; x_wconf 91' lang='lat' dir='ltr'>inter</span> <span class='ocrx_word' id='word_1_116' title='bbox 831 1718 983 1798; x_wconf 83' lang='lat' dir='ltr'><strong>principes.</strong></span> <span class='ocrx_word' id='word_1_117' title='bbox 1024 1717 1130 1794; x_wconf 86' lang='lat' dir='ltr'>Copias</span> <span class='ocrx_word' id='word_1_118' title='bbox 1145 1717 1234 1795; x_wconf 86' lang='lat' dir='ltr'>igitur</span> <span class='ocrx_word' id='word_1_119' title='bbox 1243 1715 1523 1779; x_wconf 74' lang='lat' dir='ltr'>adducebatOennI</span> 
     </span>
     <span class='ocr_line' id='line_1_16' title="bbox 651 1805 1524 1886; baseline 0.002 -20"><span class='ocrx_word' id='word_1_120' title='bbox 651 1827 720 1867; x_wconf 75' lang='lat' dir='ltr'>auat</span> <span class='ocrx_word' id='word_1_121' title='bbox 733 1829 769 1868; x_wconf 84' lang='lat' dir='ltr'>ex</span> <span class='ocrx_word' id='word_1_122' title='bbox 788 1810 846 1867; x_wconf 90' lang='lat' dir='ltr'>XII</span> <span class='ocrx_word' id='word_1_123' title='bbox 861 1807 970 1886; x_wconf 82' lang='lat' dir='ltr'>populis</span> <span class='ocrx_word' id='word_1_124' title='bbox 989 1806 1123 1872; x_wconf 84' lang='lat' dir='ltr'><strong>Etruscis,</strong></span> <span class='ocrx_word' id='word_1_125' title='bbox 1139 1807 1188 1884; x_wconf 91' lang='lat' dir='ltr'>qui</span> <span class='ocrx_word' id='word_1_126' title='bbox 1199 1805 1357 1865; x_wconf 87' lang='lat' dir='ltr'>incolebant</span> <span class='ocrx_word' id='word_1_127' title='bbox 1366 1826 1462 1884; x_wconf 83' lang='lat' dir='ltr'>agrum</span> <span class='ocrx_word' id='word_1_128' title='bbox 1471 1808 1524 1870; x_wconf 90' lang='lat' dir='ltr'>circ</span> 
     </span>
     <span class='ocr_line' id='line_1_17' title="bbox 652 1894 1505 1973; baseline 0.001 -17"><span class='ocrx_word' id='word_1_129' title='bbox 652 1898 767 1966; x_wconf 87' lang='lat' dir='ltr'>danum,</span> <span class='ocrx_word' id='word_1_130' title='bbox 786 1899 941 1958; x_wconf 83' lang='lat' dir='ltr'>conflatas:</span> <span class='ocrx_word' id='word_1_131' title='bbox 961 1895 1057 1973; x_wconf 89' lang='lat' dir='ltr'>itaque</span> <span class='ocrx_word' id='word_1_132' title='bbox 1079 1914 1125 1952; x_wconf 77' lang='lat' dir='ltr'>non</span> <span class='ocrx_word' id='word_1_133' title='bbox 1136 1894 1215 1972; x_wconf 76' lang='lat' dir='ltr'>g&#39;enm</span> <span class='ocrx_word' id='word_1_134' title='bbox 1226 1894 1335 1954; x_wconf 79' lang='lat' dir='ltr'>omnibus</span> <span class='ocrx_word' id='word_1_135' title='bbox 1348 1920 1420 1955; x_wconf 77' lang='lat' dir='ltr'>unm</span> <span class='ocrx_word' id='word_1_136' title='bbox 1436 1912 1505 1957; x_wconf 85' lang='lat' dir='ltr'>erat.</span> 
     </span>
     <span class='ocr_line' id='line_1_18' title="bbox 651 1984 1524 2068; baseline 0.002 -20"><span class='ocrx_word' id='word_1_137' title='bbox 651 1984 721 2048; x_wconf 78' lang='lat' dir='ltr'>vero</span> <span class='ocrx_word' id='word_1_138' title='bbox 732 1990 810 2048; x_wconf 85' lang='lat' dir='ltr'>addit</span> <span class='ocrx_word' id='word_1_139' title='bbox 822 1991 921 2068; x_wconf 67' lang='lat' dir='ltr'>poita,</span> <span class='ocrx_word' id='word_1_140' title='bbox 940 2007 975 2046; x_wconf 79' lang='lat' dir='ltr'>ex</span> <span class='ocrx_word' id='word_1_141' title='bbox 988 2005 1022 2046; x_wconf 91' lang='lat' dir='ltr'>eo</span> <span class='ocrx_word' id='word_1_142' title='bbox 1030 1987 1150 2065; x_wconf 88' lang='lat' dir='ltr'>primum</span> <span class='ocrx_word' id='word_1_143' title='bbox 1158 1986 1295 2053; x_wconf 78' lang='lat' dir='ltr'>discimus,</span> <span class='ocrx_word' id='word_1_144' title='bbox 1309 1988 1369 2045; x_wconf 94' lang='lat' dir='ltr'>XII</span> <span class='ocrx_word' id='word_1_145' title='bbox 1382 1988 1442 2047; x_wconf 88' lang='lat' dir='ltr'>illos</span> <span class='ocrx_word' id='word_1_146' title='bbox 1454 2010 1524 2068; x_wconf 82' lang='lat' dir='ltr'>popu</span> 
     </span>
    </p>
   </div>
   <div class='ocr_carea' id='block_1_5' title="bbox 544 2075 1525 2156">
    <p class='ocr_par' dir='ltr' id='par_1_5' title="bbox 544 2075 1525 2156">
     <span class='ocr_line' id='line_1_19' title="bbox 544 2075 1525 2156; baseline 0 -17"><span class='ocrx_word' id='word_1_147' title='bbox 544 2116 549 2127; x_wconf 93' lang='lat'>·</span> <span class='ocrx_word' id='word_1_148' title='bbox 652 2078 783 2138; x_wconf 79' lang='lat' dir='ltr'>civitaten</span> <span class='ocrx_word' id='word_1_149' title='bbox 796 2078 825 2137; x_wconf 91' lang='lat' dir='ltr'>in</span> <span class='ocrx_word' id='word_1_150' title='bbox 839 2094 894 2138; x_wconf 75' lang='lat' dir='ltr'>tres</span> <span class='ocrx_word' id='word_1_151' title='bbox 911 2092 1007 2156; x_wconf 83' lang='lat' dir='ltr'>gentes</span> <span class='ocrx_word' id='word_1_152' title='bbox 1023 2076 1101 2135; x_wconf 79' lang='lat' dir='ltr'>fuiffe</span> <span class='ocrx_word' id='word_1_153' title='bbox 1119 2075 1237 2144; x_wconf 80' lang='lat' dir='ltr'>divisas3</span> <span class='ocrx_word' id='word_1_154' title='bbox 1256 2075 1286 2134; x_wconf 93' lang='lat' dir='ltr'>id</span> <span class='ocrx_word' id='word_1_155' title='bbox 1299 2077 1374 2154; x_wconf 89' lang='lat' dir='ltr'>quod</span> <span class='ocrx_word' id='word_1_156' title='bbox 1389 2077 1425 2137; x_wconf 85' lang='lat' dir='ltr'>ad</span> <span class='ocrx_word' id='word_1_157' title='bbox 1438 2079 1525 2139; x_wconf 65' lang='lat' dir='ltr'>Etrus&lt;</span> 
     </span>
    </p>
   </div>
   <div class='ocr_carea' id='block_1_6' title="bbox 596 2166 1526 2980">
    <p class='ocr_par' dir='ltr' id='par_1_6' title="bbox 641 2166 1526 2703">
     <span class='ocr_line' id='line_1_20' title="bbox 651 2166 1525 2248; baseline 0.002 -20"><span class='ocrx_word' id='word_1_158' title='bbox 651 2169 735 2248; x_wconf 79' lang='lat' dir='ltr'>giner</span> <span class='ocrx_word' id='word_1_159' title='bbox 745 2170 868 2229; x_wconf 87' lang='lat' dir='ltr'>notabile</span> <span class='ocrx_word' id='word_1_160' title='bbox 881 2171 928 2228; x_wconf 86' lang='lat' dir='ltr'>est.</span> <span class='ocrx_word' id='word_1_161' title='bbox 968 2169 1027 2227; x_wconf 86' lang='lat' dir='ltr'>Non</span> <span class='ocrx_word' id='word_1_162' title='bbox 1040 2167 1129 2246; x_wconf 86' lang='lat' dir='ltr'>igitur</span> <span class='ocrx_word' id='word_1_163' title='bbox 1141 2170 1236 2245; x_wconf 71' lang='lat' dir='ltr'>poita,</span> <span class='ocrx_word' id='word_1_164' title='bbox 1249 2166 1323 2245; x_wconf 86' lang='lat' dir='ltr'>quod</span> <span class='ocrx_word' id='word_1_165' title='bbox 1333 2167 1447 2228; x_wconf 86' lang='lat' dir='ltr'>voluere</span> <span class='ocrx_word' id='word_1_166' title='bbox 1456 2170 1525 2230; x_wconf 87' lang='lat' dir='ltr'>inter</span> 
     </span>
     <span class='ocr_line' id='line_1_21' title="bbox 651 2258 1516 2337; baseline -0.003 -16"><span class='ocrx_word' id='word_1_167' title='bbox 651 2265 684 2321; x_wconf 74' lang='lat' dir='ltr'>le</span> <span class='ocrx_word' id='word_1_168' title='bbox 696 2264 898 2321; x_wconf 77' lang='lat' dir='ltr'>Mantuanorum</span> <span class='ocrx_word' id='word_1_169' title='bbox 910 2265 1005 2337; x_wconf 75' lang='lat' dir='ltr'>origine</span> <span class='ocrx_word' id='word_1_170' title='bbox 1026 2258 1055 2317; x_wconf 91' lang='lat' dir='ltr'>in</span> <span class='ocrx_word' id='word_1_171' title='bbox 1070 2261 1100 2317; x_wconf 86' lang='lat' dir='ltr'>h.</span> <span class='ocrx_word' id='word_1_172' title='bbox 1119 2259 1141 2316; x_wconf 89' lang='lat' dir='ltr'>l.</span> <span class='ocrx_word' id='word_1_173' title='bbox 1163 2259 1236 2337; x_wconf 81' lang='lat' dir='ltr'>agit,</span> <span class='ocrx_word' id='word_1_174' title='bbox 1260 2279 1311 2317; x_wconf 89' lang='lat' dir='ltr'>nec</span> <span class='ocrx_word' id='word_1_175' title='bbox 1325 2258 1361 2318; x_wconf 92' lang='lat' dir='ltr'>de</span> <span class='ocrx_word' id='word_1_176' title='bbox 1375 2260 1516 2335; x_wconf 80' lang='lat' dir='ltr'>majorum</span> 
     </span>
     <span class='ocr_line' id='line_1_22' title="bbox 651 2345 1525 2431; baseline 0.001 -21"><span class='ocrx_word' id='word_1_177' title='bbox 651 2352 747 2430; x_wconf 76' lang='lat' dir='ltr'>stirpe,</span> <span class='ocrx_word' id='word_1_178' title='bbox 760 2372 812 2410; x_wconf 89' lang='lat' dir='ltr'>nec</span> <span class='ocrx_word' id='word_1_179' title='bbox 821 2351 857 2409; x_wconf 90' lang='lat' dir='ltr'>de</span> <span class='ocrx_word' id='word_1_180' title='bbox 867 2349 1000 2431; x_wconf 73' lang='lat' dir='ltr'>divifipne</span> <span class='ocrx_word' id='word_1_181' title='bbox 1012 2348 1075 2425; x_wconf 87' lang='lat' dir='ltr'>agri</span> <span class='ocrx_word' id='word_1_182' title='bbox 1085 2345 1234 2405; x_wconf 83' lang='lat' dir='ltr'>Mantuani</span> <span class='ocrx_word' id='word_1_183' title='bbox 1244 2347 1272 2405; x_wconf 89' lang='lat' dir='ltr'>in</span> <span class='ocrx_word' id='word_1_184' title='bbox 1284 2347 1412 2425; x_wconf 81' lang='lat' dir='ltr'>regiones</span> <span class='ocrx_word' id='word_1_185' title='bbox 1423 2365 1452 2408; x_wconf 86' lang='lat' dir='ltr'>et</span> <span class='ocrx_word' id='word_1_186' title='bbox 1462 2371 1525 2411; x_wconf 62' lang='lat' dir='ltr'>con*</span> 
     </span>
     <span class='ocr_line' id='line_1_23' title="bbox 641 2440 1526 2520; baseline 0.002 -18"><span class='ocrx_word' id='word_1_187' title='bbox 641 2447 696 2520; x_wconf 75' lang='lat' dir='ltr'>fid</span> <span class='ocrx_word' id='word_1_188' title='bbox 713 2447 744 2502; x_wconf 85' lang='lat' dir='ltr'>de</span> <span class='ocrx_word' id='word_1_189' title='bbox 763 2448 839 2520; x_wconf 84' lang='lat' dir='ltr'>copiis</span> <span class='ocrx_word' id='word_1_190' title='bbox 859 2442 964 2520; x_wconf 83' lang='lat' dir='ltr'>agitur,</span> <span class='ocrx_word' id='word_1_191' title='bbox 985 2463 1048 2518; x_wconf 83' lang='lat' dir='ltr'>quas</span> <span class='ocrx_word' id='word_1_192' title='bbox 1071 2440 1155 2497; x_wconf 81' lang='lat' dir='ltr'>Ocnus</span> <span class='ocrx_word' id='word_1_193' title='bbox 1175 2441 1302 2498; x_wconf 87' lang='lat' dir='ltr'>Mantuae</span> <span class='ocrx_word' id='word_1_194' title='bbox 1323 2441 1454 2501; x_wconf 88' lang='lat' dir='ltr'>conditor</span> <span class='ocrx_word' id='word_1_195' title='bbox 1474 2450 1526 2505; x_wconf 77' lang='lat' dir='ltr'>ade</span> 
     </span>
     <span class='ocr_line' id='line_1_24' title="bbox 651 2532 1526 2610; baseline -0.001 -15"><span class='ocrx_word' id='word_1_196' title='bbox 651 2533 812 2595; x_wconf 77' lang='lat' dir='ltr'>civitatibus</span> <span class='ocrx_word' id='word_1_197' title='bbox 834 2532 900 2593; x_wconf 83' lang='lat' dir='ltr'>XII</span> <span class='ocrx_word' id='word_1_198' title='bbox 921 2535 1136 2610; x_wconf 82' lang='lat' dir='ltr'>circumpadanis,</span> <span class='ocrx_word' id='word_1_199' title='bbox 1164 2532 1264 2609; x_wconf 85' lang='lat' dir='ltr'>quibus</span> <span class='ocrx_word' id='word_1_200' title='bbox 1288 2532 1411 2592; x_wconf 85' lang='lat' dir='ltr'>Mantua</span> <span class='ocrx_word' id='word_1_201' title='bbox 1434 2534 1487 2594; x_wconf 87' lang='lat' dir='ltr'>illo</span> <span class='ocrx_word' id='word_1_202' title='bbox 1513 2554 1526 2597; x_wconf 90' lang='lat' dir='ltr'>t</span> 
     </span>
     <span class='ocr_line' id='line_1_25' title="bbox 652 2638 835 2703; baseline -0.016 -18"><span class='ocrx_word' id='word_1_203' title='bbox 652 2638 835 2703; x_wconf 82' lang='lat' dir='ltr'>caputerat.·</span> 
     </span>
    </p>

    <p class='ocr_par' dir='ltr' id='par_1_7' title="bbox 596 2710 1526 2980">
     <span class='ocr_line' id='line_1_26' title="bbox 658 2710 1526 2795; baseline 0.007 -26"><span class='ocrx_word' id='word_1_204' title='bbox 658 2754 663 2769; x_wconf 78' lang='grc'><strong>.</strong></span> <span class='ocrx_word' id='word_1_205' title='bbox 690 2714 854 2773; x_wconf 79' lang='lat' dir='ltr'>Mantuanis</span> <span class='ocrx_word' id='word_1_206' title='bbox 876 2710 1015 2772; x_wconf 84' lang='lat' dir='ltr'>accensuit</span> <span class='ocrx_word' id='word_1_207' title='bbox 1035 2711 1153 2788; x_wconf 88' lang='lat' dir='ltr'>denique</span> <span class='ocrx_word' id='word_1_208' title='bbox 1168 2732 1197 2770; x_wconf 84' lang='lat' dir='ltr'>v.</span> <span class='ocrx_word' id='word_1_209' title='bbox 1224 2717 1279 2771; x_wconf 83' lang='lat'>208</span> <span class='ocrx_word' id='word_1_210' title='bbox 1304 2711 1441 2791; x_wconf 78' lang='lat' dir='ltr'>Aulestem,</span> <span class='ocrx_word' id='word_1_211' title='bbox 1469 2736 1526 2795; x_wconf 90' lang='lat' dir='ltr'>que</span> 
     </span>
     <span class='ocr_line' id='line_1_27' title="bbox 596 2803 1524 2881; baseline 0.003 -18"><span class='ocrx_word' id='word_1_212' title='bbox 596 2816 601 2823; x_wconf 86' lang='lat'>&#39;</span> <span class='ocrx_word' id='word_1_213' title='bbox 650 2804 737 2863; x_wconf 78' lang='lat' dir='ltr'>Italos</span> <span class='ocrx_word' id='word_1_214' title='bbox 750 2823 806 2862; x_wconf 90' lang='lat' dir='ltr'>non</span> <span class='ocrx_word' id='word_1_215' title='bbox 816 2803 973 2881; x_wconf 79' lang='lat' dir='ltr'>ignobilem</span> <span class='ocrx_word' id='word_1_216' title='bbox 986 2803 1063 2860; x_wconf 82' lang='lat' dir='ltr'>Iuiffe</span> <span class='ocrx_word' id='word_1_217' title='bbox 1073 2823 1108 2860; x_wconf 84' lang='lat' dir='ltr'>ex</span> <span class='ocrx_word' id='word_1_218' title='bbox 1123 2803 1263 2862; x_wconf 81' lang='lat' dir='ltr'>Servianir</span> <span class='ocrx_word' id='word_1_219' title='bbox 1276 2804 1387 2863; x_wconf 76' lang='lat' dir='ltr'>laciniis</span> <span class='ocrx_word' id='word_1_220' title='bbox 1400 2806 1439 2864; x_wconf 90' lang='lat' dir='ltr'>ad</span> <span class='ocrx_word' id='word_1_221' title='bbox 1453 2828 1484 2865; x_wconf 90' lang='lat' dir='ltr'>v.</span> <span class='ocrx_word' id='word_1_222' title='bbox 1511 2826 1524 2866; x_wconf 88' lang='lat'>1</span> 
     </span>
     <span class='ocr_line' id='line_1_28' title="bbox 648 2893 1526 2980; baseline 0.005 -26"><span class='ocrx_word' id='word_1_223' title='bbox 648 2894 727 2972; x_wconf 82' lang='lat' dir='ltr'>Iigo:</span> <span class='ocrx_word' id='word_1_224' title='bbox 748 2894 800 2952; x_wconf 84' lang='lat' dir='ltr'>fuit</span> <span class='ocrx_word' id='word_1_225' title='bbox 813 2895 888 2953; x_wconf 86' lang='lat' dir='ltr'>enim</span> <span class='ocrx_word' id='word_1_226' title='bbox 901 2893 1049 2953; x_wconf 87' lang='lat' dir='ltr'>secundum</span> <span class='ocrx_word' id='word_1_227' title='bbox 1059 2894 1205 2952; x_wconf 82' lang='lat' dir='ltr'>nonnullos</span> <span class='ocrx_word' id='word_1_228' title='bbox 1217 2894 1293 2955; x_wconf 86' lang='lat' dir='ltr'>Ocni</span> <span class='ocrx_word' id='word_1_229' title='bbox 1303 2894 1391 2956; x_wconf 86' lang='lat' dir='ltr'>frater</span> <span class='ocrx_word' id='word_1_230' title='bbox 1404 2913 1435 2956; x_wconf 89' lang='lat' dir='ltr'>et</span> <span class='ocrx_word' id='word_1_231' title='bbox 1447 2901 1526 2980; x_wconf 58' lang='lat' dir='ltr'>Pera</span> 
     </span>
    </p>
   </div>
   <div class='ocr_carea' id='block_1_7' title="bbox 557 2983 859 3043">
    <p class='ocr_par' dir='ltr' id='par_1_8' title="bbox 557 2983 859 3043">
     <span class='ocr_line' id='line_1_29' title="bbox 557 2983 859 3043; baseline -0.003 -1"><span class='ocrx_word' id='word_1_232' title='bbox 557 2996 561 3011; x_wconf 65' lang='lat'>⁸</span> <span class='ocrx_word' id='word_1_233' title='bbox 649 2984 727 3043; x_wconf 85' lang='lat' dir='ltr'>ditor</span> <span class='ocrx_word' id='word_1_234' title='bbox 738 2983 859 3043; x_wconf 84' lang='lat' dir='ltr'>habitus.</span> 
     </span>
    </p>
   </div>
   <div class='ocr_carea' id='block_1_8' title="bbox 609 3072 1527 4327">
    <p class='ocr_par' dir='ltr' id='par_1_9' title="bbox 609 3072 1527 4327">
     <span class='ocr_line' id='line_1_30' title="bbox 687 3072 1526 3157; baseline 0.005 -23"><span class='ocrx_word' id='word_1_235' title='bbox 687 3075 763 3135; x_wconf 90' lang='lat' dir='ltr'><strong>Illud</strong></span> <span class='ocrx_word' id='word_1_236' title='bbox 786 3075 877 3135; x_wconf 90' lang='lat' dir='ltr'>adhuc</span> <span class='ocrx_word' id='word_1_237' title='bbox 900 3074 1067 3150; x_wconf 75' lang='lat' dir='ltr'>subjiciam:</span> <span class='ocrx_word' id='word_1_238' title='bbox 1097 3093 1199 3137; x_wconf 89' lang='lat' dir='ltr'>novam</span> <span class='ocrx_word' id='word_1_239' title='bbox 1223 3072 1302 3150; x_wconf 88' lang='lat' dir='ltr'>super</span> <span class='ocrx_word' id='word_1_240' title='bbox 1324 3074 1383 3133; x_wconf 89' lang='lat' dir='ltr'>Ioci</span> <span class='ocrx_word' id='word_1_241' title='bbox 1406 3075 1526 3157; x_wconf 81' lang='lat' dir='ltr'>interpr</span> 
     </span>
     <span class='ocr_line' id='line_1_31' title="bbox 648 3163 1522 3243; baseline 0.006 -20"><span class='ocrx_word' id='word_1_242' title='bbox 648 3164 759 3224; x_wconf 85' lang='lat' dir='ltr'>moveri</span> <span class='ocrx_word' id='word_1_243' title='bbox 774 3165 848 3243; x_wconf 83' lang='lat' dir='ltr'>poffe</span> <span class='ocrx_word' id='word_1_244' title='bbox 861 3164 1052 3223; x_wconf 85' lang='lat' dir='ltr'>difficultatem</span> <span class='ocrx_word' id='word_1_245' title='bbox 1066 3185 1100 3222; x_wconf 87' lang='lat' dir='ltr'>ex</span> <span class='ocrx_word' id='word_1_246' title='bbox 1115 3164 1196 3228; x_wconf 85' lang='lat' dir='ltr'>Silio,</span> <span class='ocrx_word' id='word_1_247' title='bbox 1217 3163 1265 3241; x_wconf 93' lang='lat' dir='ltr'>qui</span> <span class='ocrx_word' id='word_1_248' title='bbox 1279 3165 1370 3231; x_wconf 87' lang='lat' dir='ltr'>VIII,</span> <span class='ocrx_word' id='word_1_249' title='bbox 1384 3167 1463 3227; x_wconf 90' lang='lat'><strong>600.</strong></span> <span class='ocrx_word' id='word_1_250' title='bbox 1478 3170 1522 3229; x_wconf 90' lang='grc'>60</span> 
     </span>
     <span class='ocr_line' id='line_1_32' title="bbox 647 3254 1526 3341; baseline 0.007 -27"><span class='ocrx_word' id='word_1_251' title='bbox 647 3255 729 3315; x_wconf 84' lang='lat' dir='ltr'>censu</span> <span class='ocrx_word' id='word_1_252' title='bbox 748 3254 916 3332; x_wconf 87' lang='lat' dir='ltr'>populorum</span> <span class='ocrx_word' id='word_1_253' title='bbox 936 3270 965 3311; x_wconf 86' lang='lat' dir='ltr'>et</span> <span class='ocrx_word' id='word_1_254' title='bbox 987 3255 1158 3313; x_wconf 79' lang='lat' dir='ltr'>ciuitatum:</span> <span class='ocrx_word' id='word_1_255' title='bbox 1191 3254 1230 3313; x_wconf 49' lang='lat' dir='ltr'>¹Et</span> <span class='ocrx_word' id='word_1_256' title='bbox 1250 3257 1386 3341; x_wconf 73' lang='lat' dir='ltr'>quondam,</span> <span class='ocrx_word' id='word_1_257' title='bbox 1408 3256 1526 3338; x_wconf 85' lang='lat' dir='ltr'>inquit,</span> 
     </span>
     <span class='ocr_line' id='line_1_33' title="bbox 646 3342 1527 3423; baseline 0.009 -21"><span class='ocrx_word' id='word_1_258' title='bbox 646 3352 723 3403; x_wconf 74' lang='lat' dir='ltr'>coms</span> <span class='ocrx_word' id='word_1_259' title='bbox 736 3351 765 3401; x_wconf 76' lang='grc' dir='ltr'>ἐπ</span> <span class='ocrx_word' id='word_1_260' title='bbox 778 3346 923 3402; x_wconf 84' lang='lat' dir='ltr'>Laurentia</span> <span class='ocrx_word' id='word_1_261' title='bbox 932 3342 992 3401; x_wconf 76' lang='lat' dir='ltr'>belli</span> <span class='ocrx_word' id='word_1_262' title='bbox 1003 3346 1069 3401; x_wconf 83' lang='lat' dir='ltr'>Ocri</span> <span class='ocrx_word' id='word_1_263' title='bbox 1077 3350 1166 3422; x_wconf 82' lang='lat' dir='ltr'>prisca</span> <span class='ocrx_word' id='word_1_264' title='bbox 1176 3348 1259 3402; x_wconf 80' lang='lat' dir='ltr'>domus</span> <span class='ocrx_word' id='word_1_265' title='bbox 1264 3352 1405 3423; x_wconf 75' lang='lat' dir='ltr'>parvique</span> <span class='ocrx_word' id='word_1_266' title='bbox 1415 3350 1527 3409; x_wconf 86' lang='lat' dir='ltr'>Bononi</span> 
     </span>
     <span class='ocr_line' id='line_1_34' title="bbox 645 3435 1526 3522; baseline 0.009 -28"><span class='ocrx_word' id='word_1_267' title='bbox 645 3436 694 3498; x_wconf 90' lang='lat' dir='ltr'>De</span> <span class='ocrx_word' id='word_1_268' title='bbox 715 3435 835 3494; x_wconf 86' lang='lat' dir='ltr'>Mantua</span> <span class='ocrx_word' id='word_1_269' title='bbox 848 3456 913 3494; x_wconf 91' lang='lat' dir='ltr'>eum</span> <span class='ocrx_word' id='word_1_270' title='bbox 927 3436 1020 3513; x_wconf 85' lang='lat' dir='ltr'>accipi</span> <span class='ocrx_word' id='word_1_271' title='bbox 1033 3456 1090 3494; x_wconf 91' lang='lat' dir='ltr'>non</span> <span class='ocrx_word' id='word_1_272' title='bbox 1107 3437 1194 3513; x_wconf 82' lang='lat' dir='ltr'>posse,</span> <span class='ocrx_word' id='word_1_273' title='bbox 1214 3436 1392 3500; x_wconf 80' lang='lat' dir='ltr'>manifestum</span> <span class='ocrx_word' id='word_1_274' title='bbox 1412 3444 1460 3511; x_wconf 87' lang='lat' dir='ltr'>tit,</span> <span class='ocrx_word' id='word_1_275' title='bbox 1483 3464 1526 3522; x_wconf 93' lang='lat' dir='ltr'>qu</span> 
     </span>
     <span class='ocr_line' id='line_1_35' title="bbox 646 3525 1494 3607; baseline 0.008 -20"><span class='ocrx_word' id='word_1_276' title='bbox 646 3527 735 3588; x_wconf 73' lang='lat' dir='ltr'>dociis</span> <span class='ocrx_word' id='word_1_277' title='bbox 748 3542 888 3592; x_wconf 82' lang='lat' dir='ltr'>notatum,</span> <span class='ocrx_word' id='word_1_278' title='bbox 902 3546 967 3584; x_wconf 89' lang='lat' dir='ltr'>cum</span> <span class='ocrx_word' id='word_1_279' title='bbox 986 3548 1015 3583; x_wconf 87' lang='lat' dir='ltr'>v.</span> <span class='ocrx_word' id='word_1_280' title='bbox 1036 3547 1094 3606; x_wconf 83' lang='lat'>594</span> <span class='ocrx_word' id='word_1_281' title='bbox 1112 3525 1172 3601; x_wconf 90' lang='lat' dir='ltr'>jam</span> <span class='ocrx_word' id='word_1_282' title='bbox 1190 3546 1251 3586; x_wconf 88' lang='lat' dir='ltr'>eam</span> <span class='ocrx_word' id='word_1_283' title='bbox 1265 3534 1494 3607; x_wconf 82' lang='lat' dir='ltr'>memoraverit.</span> 
     </span>
     <span class='ocr_line' id='line_1_36' title="bbox 643 3615 1526 3704; baseline 0.003 -30"><span class='ocrx_word' id='word_1_284' title='bbox 643 3615 735 3694; x_wconf 85' lang='lat' dir='ltr'>igitur</span> <span class='ocrx_word' id='word_1_285' title='bbox 748 3617 797 3680; x_wconf 88' lang='lat' dir='ltr'>est,</span> <span class='ocrx_word' id='word_1_286' title='bbox 808 3615 919 3675; x_wconf 69' lang='lat' dir='ltr'>silium</span> <span class='ocrx_word' id='word_1_287' title='bbox 933 3617 1020 3674; x_wconf 87' lang='lat' dir='ltr'>verba</span> <span class='ocrx_word' id='word_1_288' title='bbox 1034 3622 1135 3693; x_wconf 80' lang='lat' dir='ltr'>patriis</span> <span class='ocrx_word' id='word_1_289' title='bbox 1147 3617 1182 3675; x_wconf 87' lang='lat' dir='ltr'>ab</span> <span class='ocrx_word' id='word_1_290' title='bbox 1194 3623 1246 3676; x_wconf 84' lang='lat' dir='ltr'>oris</span> <span class='ocrx_word' id='word_1_291' title='bbox 1267 3618 1328 3697; x_wconf 88' lang='lat' dir='ltr'><strong>sup.</strong></span> <span class='ocrx_word' id='word_1_292' title='bbox 1350 3642 1382 3681; x_wconf 84' lang='lat' dir='ltr'>v.</span> <span class='ocrx_word' id='word_1_293' title='bbox 1409 3627 1472 3704; x_wconf 85' lang='lat'>198</span> <span class='ocrx_word' id='word_1_294' title='bbox 1498 3626 1526 3683; x_wconf 62' lang='lat' dir='ltr'>hi</span> 
     </span>
     <span class='ocr_line' id='line_1_37' title="bbox 645 3705 1526 3793; baseline 0.007 -25"><span class='ocrx_word' id='word_1_295' title='bbox 645 3708 674 3768; x_wconf 88' lang='lat' dir='ltr'>X</span> <span class='ocrx_word' id='word_1_296' title='bbox 692 3705 826 3783; x_wconf 74' lang='lat' dir='ltr'>accepisse</span> <span class='ocrx_word' id='word_1_297' title='bbox 839 3705 875 3763; x_wconf 88' lang='lat' dir='ltr'>de</span> <span class='ocrx_word' id='word_1_298' title='bbox 888 3705 1025 3772; x_wconf 86' lang='lat' dir='ltr'>Bononia,</span> <span class='ocrx_word' id='word_1_299' title='bbox 1044 3719 1186 3785; x_wconf 85' lang='lat' dir='ltr'>tamquam</span> <span class='ocrx_word' id='word_1_300' title='bbox 1200 3708 1289 3786; x_wconf 88' lang='lat' dir='ltr'>prisea</span> <span class='ocrx_word' id='word_1_301' title='bbox 1311 3712 1391 3771; x_wconf 86' lang='lat' dir='ltr'>Ocni</span> <span class='ocrx_word' id='word_1_302' title='bbox 1407 3730 1442 3773; x_wconf 87' lang='lat' dir='ltr'>et</span> <span class='ocrx_word' id='word_1_303' title='bbox 1458 3731 1526 3793; x_wconf 88' lang='lat' dir='ltr'>patr</span> 
     </span>
     <span class='ocr_line' id='line_1_38' title="bbox 644 3797 1526 3877; baseline 0.009 -19"><span class='ocrx_word' id='word_1_304' title='bbox 644 3814 796 3877; x_wconf 86' lang='lat' dir='ltr'>antequam</span> <span class='ocrx_word' id='word_1_305' title='bbox 807 3797 843 3856; x_wconf 88' lang='lat' dir='ltr'>ad</span> <span class='ocrx_word' id='word_1_306' title='bbox 853 3799 1003 3856; x_wconf 88' lang='lat' dir='ltr'>Mantuam</span> <span class='ocrx_word' id='word_1_307' title='bbox 1017 3798 1194 3857; x_wconf 88' lang='lat' dir='ltr'>condendam</span> <span class='ocrx_word' id='word_1_308' title='bbox 1207 3797 1373 3863; x_wconf 83' lang='lat' dir='ltr'>discessiffet.</span> <span class='ocrx_word' id='word_1_309' title='bbox 1420 3804 1526 3866; x_wconf 82' lang='lat' dir='ltr'>Diver</span> 
     </span>
     <span class='ocr_line' id='line_1_39' title="bbox 644 3888 1526 3974; baseline 0.01 -26"><span class='ocrx_word' id='word_1_310' title='bbox 644 3890 791 3949; x_wconf 77' lang='lat' dir='ltr'>ethaecest</span> <span class='ocrx_word' id='word_1_311' title='bbox 808 3889 844 3947; x_wconf 88' lang='lat' dir='ltr'>ab</span> <span class='ocrx_word' id='word_1_312' title='bbox 866 3908 910 3955; x_wconf 86' lang='lat' dir='ltr'>ea,</span> <span class='ocrx_word' id='word_1_313' title='bbox 932 3908 1016 3965; x_wconf 89' lang='lat' dir='ltr'>quam</span> <span class='ocrx_word' id='word_1_314' title='bbox 1027 3888 1109 3966; x_wconf 85' lang='lat' dir='ltr'>supra</span> <span class='ocrx_word' id='word_1_315' title='bbox 1128 3909 1163 3948; x_wconf 83' lang='lat' dir='ltr'>ex</span> <span class='ocrx_word' id='word_1_316' title='bbox 1182 3888 1280 3950; x_wconf 88' lang='lat' dir='ltr'>Servio</span> <span class='ocrx_word' id='word_1_317' title='bbox 1294 3892 1330 3952; x_wconf 92' lang='lat' dir='ltr'>ad</span> <span class='ocrx_word' id='word_1_318' title='bbox 1350 3915 1384 3954; x_wconf 85' lang='lat' dir='ltr'>v.</span> <span class='ocrx_word' id='word_1_319' title='bbox 1407 3901 1472 3974; x_wconf 82' lang='lat'>198</span> <span class='ocrx_word' id='word_1_320' title='bbox 1497 3918 1526 3957; x_wconf 80' lang='lat' dir='ltr'>at</span> 
     </span>
     <span class='ocr_line' id='line_1_40' title="bbox 643 3979 1526 4057; baseline 0.006 -20"><span class='ocrx_word' id='word_1_321' title='bbox 643 3979 739 4042; x_wconf 79' lang='lat' dir='ltr'>fabula</span> <span class='ocrx_word' id='word_1_322' title='bbox 751 3980 787 4040; x_wconf 89' lang='lat' dir='ltr'>de</span> <span class='ocrx_word' id='word_1_323' title='bbox 800 3979 915 4039; x_wconf 83' lang='lat' dir='ltr'>condita</span> <span class='ocrx_word' id='word_1_324' title='bbox 926 3980 962 4038; x_wconf 88' lang='lat' dir='ltr'>ab</span> <span class='ocrx_word' id='word_1_325' title='bbox 983 3982 1067 4041; x_wconf 85' lang='lat' dir='ltr'>Ocno</span> <span class='ocrx_word' id='word_1_326' title='bbox 1087 3981 1195 4040; x_wconf 82' lang='lat' dir='ltr'>Feltina</span> <span class='ocrx_word' id='word_1_327' title='bbox 1220 3985 1266 4057; x_wconf 86' lang='lat' dir='ltr'>(ut</span> <span class='ocrx_word' id='word_1_328' title='bbox 1286 4002 1352 4045; x_wconf 88' lang='lat' dir='ltr'>cum</span> <span class='ocrx_word' id='word_1_329' title='bbox 1379 3986 1526 4048; x_wconf 74' lang='lat' dir='ltr'>Cluveri</span> 
     </span>
     <span class='ocr_line' id='line_1_41' title="bbox 643 4066 1509 4154; baseline 0.015 -29"><span class='ocrx_word' id='word_1_330' title='bbox 643 4066 744 4141; x_wconf 86' lang='lat' dir='ltr'>dum),</span> <span class='ocrx_word' id='word_1_331' title='bbox 763 4069 809 4126; x_wconf 88' lang='lat' dir='ltr'>seu</span> <span class='ocrx_word' id='word_1_332' title='bbox 823 4069 960 4133; x_wconf 82' lang='lat' dir='ltr'>Bononia.</span> <span class='ocrx_word' id='word_1_333' title='bbox 1001 4072 1067 4130; x_wconf 85' lang='lat' dir='ltr'>Lux</span> <span class='ocrx_word' id='word_1_334' title='bbox 1079 4091 1115 4130; x_wconf 84' lang='lat' dir='ltr'>ex</span> <span class='ocrx_word' id='word_1_335' title='bbox 1128 4070 1172 4130; x_wconf 83' lang='lat' dir='ltr'>hir</span> <span class='ocrx_word' id='word_1_336' title='bbox 1186 4072 1292 4132; x_wconf 79' lang='lat' dir='ltr'>effundi</span> <span class='ocrx_word' id='word_1_337' title='bbox 1305 4078 1402 4154; x_wconf 82' lang='lat' dir='ltr'>potest</span> <span class='ocrx_word' id='word_1_338' title='bbox 1418 4093 1509 4138; x_wconf 86' lang='lat' dir='ltr'>notae</span> 
     </span>
     <span class='ocr_line' id='line_1_42' title="bbox 609 4155 1526 4242; baseline 0.013 -26"><span class='ocrx_word' id='word_1_339' title='bbox 609 4212 619 4223; x_wconf 83' lang='lat'><em>,</em></span> <span class='ocrx_word' id='word_1_340' title='bbox 643 4155 704 4217; x_wconf 87' lang='lat' dir='ltr'>bini</span> <span class='ocrx_word' id='word_1_341' title='bbox 725 4157 761 4216; x_wconf 84' lang='lat' dir='ltr'>ad</span> <span class='ocrx_word' id='word_1_342' title='bbox 784 4155 827 4217; x_wconf 89' lang='lat' dir='ltr'>vs.</span> <span class='ocrx_word' id='word_1_343' title='bbox 846 4177 901 4239; x_wconf 86' lang='grc'>203</span> <span class='ocrx_word' id='word_1_344' title='bbox 923 4158 986 4238; x_wconf 78' lang='lat' dir='ltr'>Ipsa</span> <span class='ocrx_word' id='word_1_345' title='bbox 1007 4174 1084 4240; x_wconf 80' lang='lat' dir='ltr'>caput</span> <span class='ocrx_word' id='word_1_346' title='bbox 1101 4159 1212 4242; x_wconf 79' lang='lat' dir='ltr'>populis,</span> <span class='ocrx_word' id='word_1_347' title='bbox 1232 4162 1283 4242; x_wconf 90' lang='lat' dir='ltr'>qui</span> <span class='ocrx_word' id='word_1_348' title='bbox 1300 4163 1336 4229; x_wconf 89' lang='lat' dir='ltr'>de</span> <span class='ocrx_word' id='word_1_349' title='bbox 1349 4166 1526 4231; x_wconf 78' lang='lat' dir='ltr'>Bononia]</span> 
     </span>
     <span class='ocr_line' id='line_1_43' title="bbox 643 4246 836 4327; baseline 0.01 -21"><span class='ocrx_word' id='word_1_350' title='bbox 643 4266 712 4327; x_wconf 86' lang='lat' dir='ltr'>pere</span> <span class='ocrx_word' id='word_1_351' title='bbox 731 4246 836 4308; x_wconf 82' lang='lat' dir='ltr'>voluit.</span> 
     </span>
    </p>
   </div>
   <div class='ocr_carea' id='block_1_9' title="bbox 1343 4324 1526 4408">
    <p class='ocr_par' dir='ltr' id='par_1_10' title="bbox 1343 4324 1526 4408">
     <span class='ocr_line' id='line_1_44' title="bbox 1343 4324 1526 4408; baseline -0.027 1"><span class='ocrx_word' id='word_1_352' title='bbox 1343 4324 1526 4408; x_wconf 70' lang='lat' dir='ltr'>&#39;Eu</span> 
     </span>
    </p>
   </div>
   <div class='ocr_carea' id='block_1_10' title="bbox 0 0 1899 4894">
    <p class='ocr_par' dir='ltr' id='par_1_11' title="bbox 0 0 1899 4894">
     <span class='ocr_line' id='line_1_45' title="bbox 0 0 1899 4894; baseline 0 0"><span class='ocrx_word' id='word_1_353' title='bbox 0 0 1899 4894; x_wconf 95' lang='lat' dir='ltr'> </span> 
     </span>
    </p>
   </div>
  </div>
 </body>
</html>
