3782 4894
647 418 715 501 522
803 386 1495 480 1³,u1R01L11MARON18

648 594 762 670 Tecta
774 592 856 666 viis.
905 587 1012 663 Sedet
1028 586 1068 660 in
1084 588 1214 661 mediis
1231 606 1267 663 et
1284 615 1475 665 maxumus
1492 614 1540 664 aet

648 730 700 804 Et
715 728 853 835 primus
866 694 1027 819 sceptris,
1042 719 1139 792 haud
1152 721 1235 793 laeta
1250 722 1377 813 fronte,
1396 723 1541 796 Latinus

651 861 775 954 Atque
788 855 868 959 haec
881 854 1018 952 legatos
1034 853 1156 927 AEtola
1170 880 1215 928 ex
1231 857 1317 929 urbe
1333 857 1503 947 remiffos,

651 990 748 1088 Qae
767 987 931 1075 referant,
947 987 1012 1060 fari
1022 989 1142 1089 jubet,
1158 1007 1194 1063 et
1210 988 1372 1087 responsa
1385 992 1541 1089 reposcit

653 1125 792 1203 Ordine
807 1123 933 1209 cundia
949 1121 1022 1195 suo.
1074 1122 1173 1196 Tum
1191 1125 1283 1197 fadia
1300 1126 1439 1199 stlentia
1452 1129 1541 1225 lingt

602 1326 603 1333 ,
654 1262 705 1375 Et
721 1262 878 1334 Venulus
895 1260 994 1333 didio
1009 1285 1135 1357 parens
1154 1263 1204 1334 ita
1220 1263 1324 1336 farier
1339 1262 1443 1337 infit:

550 1366 562 1403 ζ
675 1376 682 1391 ²
702 1396 883 1485 Vidimus,
896 1421 920 1468 o
935 1397 1043 1487 cives,
1058 1397 1236 1473 Diomede
1247 1399 1456 1497 Argivaque
1470 1398 1542 1470 castr

654 1537 779 1632 Atque
791 1532 861 1606 iter
877 1531 1009 1628 emensi
1025 1529 1124 1604 casus
1141 1532 1381 1631 superavimus
1400 1533 1531 1614 omnim

657 1641 958 1768 Contigimusuue
973 1690 1133 1754 manum,
1151 1654 1220 1764 qua
1236 1669 1396 1741 concidit
1415 1669 1478 1742 Ilia
1492 1669 1542 1741 teli

654 1806 723 1903 lile
737 1783 865 1878 urbem
881 1799 1109 1900 Argyripam,
1131 1799 1258 1896 patriae
1274 1799 1490 1927 cognomine
1505 1822 1542 1894 ge

658 2004 721 2056 adde
733 2002 809 2055 ooth.
824 2004 869 2054 fet.
882 2013 906 2053 et
922 2012 989 2061 tert„
1005 2001 1069 2069 quod
1081 2012 1105 2051 et
1122 2001 1200 2068 ipsum
1210 2002 1271 2052 bene
1282 2002 1330 2052 diei
1341 2018 1416 2052 nemo
1430 2001 1535 2052 dubitet:

658 2082 746 2148 emplia
760 2081 871 2149 probavit
890 2079 1017 2140 Heinsius,
1033 2095 1119 2130 verum
1137 2095 1182 2129 nee
1198 2080 1278 2129 minuo
1288 2080 1472 2160 floenelegane
1490 2078 1543 2128 eti

657 2159 692 2208 eil
703 2159 733 2209 de
744 2173 832 2225 niagno
843 2157 922 2216 turba,
933 2157 970 2208 uti
982 2160 1060 2208 Graec.
1073 2160 1119 2225 ῥῶ,
1128 2158 1225 2224 loppin
1241 2170 1266 2208 et
1277 2158 1425 2224 permutatio
1440 2157 1543 2219 utriusqu

657 2234 780 2299 frequent.
812 2234 908 2284 Scilicet
919 2234 985 2298 quod
996 2233 1098 2283 caussam
1113 2233 1221 2282 decidere
1233 2243 1337 2299 poterat,
1349 2234 1395 2282 hoc
1410 2247 1478 2282 erat:
1495 2247 1543 2295 quo

656 2313 705 2362 viia
714 2311 837 2377 adjurium
847 2311 903 2362 satia
918 2311 1008 2376 arguit,
1017 2315 1118 2376 poetam
1129 2311 1160 2360 dc
1170 2311 1238 2376 copia
1255 2310 1374 2376 cogitasse,
1384 2310 1490 2375 adeoque
1499 2308 1543 2373 flur

652 2389 706 2439 fine
725 2389 768 2438 est.
801 2393 888 2456 ruitque
897 2388 941 2438 Ed.
955 2404 991 2453 pr.
1008 2389 1213 2449 Borma-237.
1231 2392 1383 2439 texuerimus
1394 2398 1455 2436 vett.
1473 2385 1524 2435 edd.
1541 2419 1543 2430 ,

656 2478 684 2518 et
701 2465 760 2515 ΑΗ.
771 2481 810 2532 pr.
830 2478 854 2515 et
864 2466 910 2514 sec.
929 2474 954 2516 et
968 2464 1036 2515 codd.
1052 2464 1092 2514 fed
1112 2465 1218 2530 potiores
1235 2481 1318 2514 omnes
1333 2479 1388 2514 curn
1400 2464 1458 2515 Ald.
1478 2474 1532 2512 tert.

655 2545 735 2611 sicque
754 2543 913 2592 emendarunt
934 2543 999 2592 Pier.
1017 2545 1064 2594 Ge.
1086 2543 1178 2595 Fabric.
1200 2542 1408 2605 &intio—238.
1430 2541 1544 2611 primuli

655 2637 695 2689 pr.
726 2620 811 2673 etlaeto
828 2619 873 2667 Ed.
888 2635 927 2685 pr.
946 2621 1149 2683 Borma-439.
1168 2622 1217 2671 binc
1229 2619 1448 2679 zulich—240.
1466 2619 1544 2688 Qidr

654 2699 742 2747 num.
775 2695 873 2760 efferunt
887 2710 924 2759 pr.
937 2694 1026 2743 Hamb.
1057 2695 1150 2763 refhm
1163 2695 1354 2754 ψει-«441.
1372 2700 1442 2763 iuquit
1452 2697 1487 2744 ed
1499 2711 1534 2758 pr.

655 2773 687 2826 ef.
698 2773 750 2838 sup.
761 2771 792 2819 ad
803 2770 849 2828 IX,
866 2783 924 2830 423,
933 2782 959 2820 et
971 2771 1021 2821 vid.
1038 2771 1122 2821 uuett
1137 2772 1168 2820 ad
1183 2772 1208 2822 h.
1220 2772 1362 2834 I.·--243.
1381 2775 1499 2822 Diomedem
1509 2770 1544 2819 edr

653 2852 776 2920 pictaeque
788 2860 812 2897 et
824 2848 881 2897 ald.
903 2849 949 2900 see.
970 2865 1026 2898 cum
1045 2860 1101 2902 tert.
1115 2861 1140 2900 et
1158 2862 1215 2900 cett.
1233 2862 1257 2903 et
1269 2868 1324 2917 pare
1334 2852 1413 2910 codd,
1429 2864 1453 2901 at
1467 2850 1544 2899 Medic

628 2936 632 2945 ’
655 2929 711 2981 aliia
723 2926 846 2984 Dioneden,
856 2925 921 2990 quod
931 2938 1038 2976 metroni
1049 2928 1189 2993 corrumpit.
1220 2929 1329 2987 Diomede,
1339 2928 1405 2993 quod
1420 2928 1478 2978 Ald.
1496 2944 1530 2992 pr.

655 3017 682 3063 et
696 3005 748 3072 jam
763 3013 814 3054 ant.
827 3002 894 3061 edd,
903 3014 931 3051 ut
942 3005 1006 3051 Ven.
1020 3002 1093 3063 148⁶,
1104 3004 1129 3054 in
1141 3003 1259 3072 plerisque
1268 3005 1315 3054 suis
1326 3017 1406 3054 extare
1417 3005 1478 3054 vidit
1491 3005 1543 3057 Pier

654 3100 717 3150 quoa
726 3093 810 3131 tameo
820 3082 946 3129 Romanus
956 3097 1005 3129 non
1015 3080 1071 3141 tuit,
1086 3081 1171 3148 inquo
1188 3083 1302 3135 Diomeden
1319 3082 1371 3149 est),
1389 3081 1466 3148 flcque
1479 3081 1544 3129 Ment

655 3174 681 3210 et
692 3157 865 3208 Rottendsec.
885 3173 940 3206 cum
957 3157 1040 3208 Servio
1057 3170 1082 3207 et
1100 3159 1213 3209 Macrob.
1231 3163 1263 3218 V,
1284 3172 1324 3220 17,
1342 3171 1370 3208 ut
1387 3158 1415 3208 iit
1434 3163 1518 3208 Graeca
1536 3157 1544 3204 l

654 3235 769 3300 Διομήδη,
780 3231 880 3297 Διομήδει.
914 3235 1024 3284 Retraxit
1035 3234 1081 3284 hoc
1093 3235 1209 3295 Heinsius,
1224 3236 1337 3300 idemque
1348 3235 1490 3301 opinabatur
1507 3233 1544 3283 ali«

653 3315 771 3379 seriptum
788 3309 874 3359 fuiffe:
894 3312 1001 3360 Diomedei
1018 3311 1058 3360 vel
1076 3313 1181 3370 Diomedi,
1196 3314 1261 3377 quod
1280 3312 1368 3362 merito
1388 3311 1500 3361 deseruit.
1531 3312 1544 3357 Ι]

655 3388 774 3461 Rottend.
787 3399 811 3436 et
823 3389 903 3452 Sprot.
937 3390 1060 3448 Dionem
1075 3399 1102 3437 ut
1114 3389 1178 3455 apud
1189 3391 1263 3440 Solio.
1276 3392 1300 3438 c.
1317 3389 1394 3440 asub.
1406 3387 1544 3445 f.--246.

651 3473 734 3539 timo
749 3466 883 3533 Ag'fpplmo
900 3465 960 3533 Agr?
974 3484 1017 3525 am,
1032 3468 1163 3535 AEgripan,
1182 3466 1298 3521 abertate.
1329 3465 1393 3517 Illud
1413 3464 1544 3522 notabilius,

651 3709 815 3788 imperatum
837 3706 1121 3773 effet,utveni1ent.
1167 3706 1242 3764 diua
1264 3706 1395 3767 vidimue.
1436 3703 1544 3785 245·C

655 3805 721 3864 237·
737 3795 833 3862 primos
840 3791 957 3861 sceptris,
967 3779 1082 3858 imperio
1094 3797 1123 3839 et
1167 3808 1221 3841 mres
1233 3808 1334 3843 manum
1345 3784 1381 3842 ad
1398 3785 1521 3844 dextram
1540 3803 1544 3833 ι

653 3863 801 3939 dignitate,
819 3861 890 3920 inter
909 3879 985 3939 reges
997 3858 1123 3916 acduccs
1166 3859 1261 3930 refer„
1285 3877 1316 3920 ut
1336 3862 1365 3919 su
1387 3906 1396 3923 .
1420 3861 1503 3928 VIII,
1525 3877 1544 3914 1:

651 3940 805 4015 copiarum,
814 3938 863 4017 qui
872 3939 1120 3998 auxilioveneraut.
1168 3939 1269 3996 aeceffu
1297 3938 1333 3996 ad
1362 3883 1526 3996 inandrum.

642 4022 748 4097 sceptris
759 4036 809 4094 pro
821 4018 937 4095 sceptro.
1168 4014 1253 4083 tellus,
1281 4016 1364 4074 Ilium
1390 4015 1464 4084 urbs,
1493 4027 1524 4069 ut

690 4111 758 4166 243·
770 4095 1029 4173 Argiuacastrapro
1041 4090 1121 4161 urbe,
1164 4115 1240 4170 gens,
1260 4094 1332 4161 urbs,
1358 4111 1438 4161 terra,
1461 4087 1544 4170 poetis

652 4169 823 4248 Argyrippa,
853 4184 883 4228 ut
906 4171 996 4245 'toties
1020 4191 1120 4228 novam
1168 4185 1318 4239 mutantur,
1331 4185 1361 4228 ut
1374 4189 1437 4230 mox
1460 4189 1487 4227 u.
1508 4182 1543 4238 24

653 4247 771 4322 Troiam
810 4248 1017 4327 Trojanoruru,
1036 4249 1120 4306 castra
1165 4255 1228 4308 trie
1248 4256 1384 4329 cognomine
1402 4250 1485 4329 grotti
1505 4243 1532 4302 h.
