3966 4920
612 384 723 487 ·136
901 380 1285 465 excursus
1325 384 1376 524 ru

570 630 577 637 -
656 585 905 669 significataVIlI,
926 589 958 644 81
982 584 1058 662 seqq.
1074 585 1139 669 Erre
1158 600 1241 644 autem
1259 581 1372 661 fitbirum
1391 595 1446 643 etc.
1487 583 1563 643 Albe
1576 594 1607 643 ert

656 679 828 738 struslionem
837 677 897 751 jam
908 674 1018 753 Jupiter
1036 673 1143 733 Veneri
1162 674 1331 752 predixerat
1352 672 1416 733 AEn.
1429 674 1456 742 I,
1478 678 1611 750 267-27s

657 769 764 845 Atpurr
775 768 962 841 Ascanius-er
973 761 1072 844 longam
1085 761 1166 822 multa
1177 768 1213 821 vi
1228 769 1323 822 misrior
1336 763 1442 823 Albam.
1466 762 1550 820 Urbis
1561 781 1609 821 con

655 853 721 913 ditae
731 854 815 913 etiam
823 852 879 911 alio
887 851 950 913 loco
959 851 1087 921 meminit
1099 854 1183 928 po'e‘ta
1196 850 1246 919 lib.
1259 853 1299 918 V,
1309 871 1365 931 597
1380 854 1512 930 Ascanius,
1530 851 1611 928 longao

657 948 737 1004 muris
749 947 920 1018 cumcingeret
932 938 1036 1000 Albam.
1078 941 1125 999 Ab
1138 941 1206 998 urbe
1219 959 1319 1000 nomen
1337 942 1447 1020 accepit
1468 964 1532 999 mons
1545 939 1609 998 Alba

658 1058 712 1093 nus.
751 1031 807 1090 Sed
815 1030 865 1089 illo
873 1044 1010 1107 tempore,
1031 1049 1088 1108 quo
1100 1032 1204 1091 AEneas
1217 1029 1332 1089 Latium
1345 1029 1462 1098 adierat,
1481 1026 1545 1087 Tum
1557 1049 1611 1106 nequ

658 1109 741 1183 nomen
753 1138 813 1181 erat
823 1143 900 1198 neque
913 1121 986 1179 henos
998 1138 1045 1178 aut
1053 1119 1141 1199 gloria
1160 1126 1247 1186 monti,
1269 1118 1338 1187 XII,
1356 1139 1392 1179 12
1397 1141 1424 1201 ς.
1464 1118 1522 1177 snb
1541 1131 1611 1175 mont

658 1211 727 1272 lacus
736 1210 871 1269 Albanus:
891 1209 927 1267 de
938 1228 994 1288 quo
1005 1209 1054 1269 lib.
1066 1209 1121 1278 IX,
1143 1214 1199 1289 387
1218 1208 1301 1278 lacus,
1321 1217 1366 1293 qui
1373 1215 1428 1292 post
1446 1209 1523 1269 Albae
1534 1208 1568 1266 de
1581 1226 1611 1267 nu

618 1355 620 1362 .
658 1307 798 1362 mineditii
810 1299 917 1360 Albani.

930 1457 1373 1527 EXCURsusitr.

664 1592 786 1667 Veteris
798 1591 905 1663 Ilalt'se
926 1594 1070 1687 origines,
1089 1595 1203 1690 populi
1223 1609 1255 1666 et
1271 1596 1400 1688 sabulae
1416 1596 1611 1690 ucrelr'giortes

699 1727 782 1815 VII,=
792 1748 827 1806 37
841 1727 900 1807 sqq.
921 1731 1062 1813 Narraga,
1082 1736 1126 1807 qui
1137 1752 1218 1808 reges,
1238 1731 1333 1799 Erato,
1353 1755 1411 1817 quae
1420 1743 1530 1808 tempora
1543 1754 1611 1793 rerun

533 1850 537 1861 ·
660 1819 728 1895 Qis
741 1819 818 1877 Latio
830 1824 933 1898 antiquo
936 1825 1026 1899 fuerit
1029 1824 1117 1898 status
1129 1834 1184 1878 etc.

703 1909 828 1968 Primum
838 1909 1039 1969 obseruandum
1052 1911 1100 1980 est,
1118 1908 1279 1989 Virgilium
1293 1909 1370 1969 Latii
1383 1929 1426 1970 res
1438 1930 1493 1970 non
1504 1906 1611 1988 persequ

663 1999 714 2058 nlss
727 2014 860 2081 quatenus
874 1999 909 2056 ad
924 1999 1092 2078 Aborigines
1100 1998 1231 2078 speslann
1258 2000 1385 2076 adeoque
1405 2011 1500 2059 eorum
1520 1997 1611 2076 origin

560 2124 565 2129 ,
662 2107 715 2165 pro
727 2106 829 2153 ¹rerum
851 2087 882 2145 in
905 2088 949 2146 his
973 2090 1041 2149 locis
1060 2087 1146 2148 initiis
1158 2108 1287 2168 ponere3
1308 2090 1368 2159 etsi,
1389 2104 1452 2147 ante
1465 2088 1611 2166 Aborigine

665 2179 773 2238 Siculos
792 2177 894 2256 partim
904 2178 988 2238 etiam
998 2178 1132 2246 Umbros,
1150 2178 1180 2241 in
1189 2179 1233 2238 his
1243 2180 1319 2247 locis
1329 2178 1407 2239 fuisse
1419 2180 1533 2239 constat.
1572 2179 1611 2237 Po

663 2289 697 2329 ro
710 2268 868 2340 tenendum,
888 2267 1056 2347 Aborigines
1069 2269 1131 2335 hos,
1149 2266 1208 2335 seu,
1228 2269 1311 2346 quod
1324 2269 1491 2338 videbimus,
1512 2267 1611 2329 Ausone

663 2359 829 2440 populorum
842 2377 890 2435 per
905 2359 1062 2418 Americam
1076 2358 1195 2417 ferorum
1208 2374 1236 2417 et
1257 2360 1418 2420 srlveslrium
1435 2380 1523 2429 more,
1541 2360 1611 2438 dispe

665 2450 700 2509 fis
712 2469 762 2527 per
770 2440 892 2514 Italiam,
911 2447 972 2527 ipso
984 2449 1107 2507 locorum
1120 2449 1191 2506 inter
1204 2468 1305 2529 amnes
1327 2470 1360 2509 ac
1379 2447 1488 2512 montes
1508 2449 1558 2510 situ
1580 2451 1611 2510 fin

666 2552 787 2617 regente,
806 2537 926 2604 senibus,
944 2553 973 2596 et
991 2538 1022 2598 in
1044 2540 1135 2616 plures
1157 2540 1281 2617 populor
1294 2560 1328 2610 ae
1341 2542 1455 2601 nomina
1468 2540 1579 2608 divisos,
1598 2542 1611 2598 h

665 2626 771 2688 bitasse.
810 2626 973 2706 Religiones
986 2627 1057 2687 adeo
1066 2628 1177 2704 aeritur
1189 2627 1336 2691 sacrorum
1355 2645 1383 2699 et
1397 2630 1512 2690 numina
1524 2631 1611 2691 domes

667 2737 702 2778 ca
715 2717 788 2777 inter
800 2731 843 2776 tot
856 2719 974 2795 populos
995 2739 1050 2777 non
1074 2719 1187 2777 omnino
1209 2719 1314 2780 eadem
1335 2720 1414 2780 fuisse
1426 2722 1528 2780 mirum
1540 2740 1611 2780 nont

601 2792 604 2811 '
668 2808 758 2864 Fuere
772 2802 866 2865 tamen
886 2807 971 2865 ctiam
997 2809 1146 2887 religiones
1164 2818 1205 2868 ‘ac
1226 2807 1331 2867 sabulae
1342 2811 1472 2870 omnibus
1485 2810 1611 2890 tamquari

605 2954 609 2963 ,
668 2898 811 2955 communi
821 2896 901 2972 stirpe
911 2898 979 2957 ortis
988 2919 1157 2958 communes.
1199 2900 1361 2978 Utrumque
1372 2902 1499 2980 genunio
1510 2904 1611 2962 suanir<

629 3058 633 3063 .
666 2988 807 3047 convertit
817 2991 917 3066 poe'ta:
938 3006 1021 3066 atque
1034 2990 1099 3049 hinc
1112 2991 1141 3048 in
1154 2989 1212 3066 seq.
1226 2990 1304 3048 libris
1315 2993 1481 3070 fabularum
1497 3017 1581 3052 novus
1593 3015 1611 3050 n

666 3080 811 3139 exoritur:
832 3080 1012 3139 exteriorum
1025 3081 1112 3159 italia
1121 3081 1302 3159 populorum,
1324 3084 1521 3161 Aboriginum
1533 3084 1611 3144 maxi

668 3169 755 3236 Latii,
774 3168 890 3230 historiis
905 3183 933 3228 et
946 3169 1122 3248 religionibus
1133 3169 1243 3250 petitus.
1284 3173 1333 3233 De
1348 3189 1468 3251 utraque
1482 3196 1513 3233 re
1527 3173 1611 3233 omnir

668 3279 723 3337 que
733 3259 767 3316 de
779 3273 870 3318 vetere
882 3259 964 3318 Italia
977 3260 1071 3337 paullo
1082 3257 1234 3320 accuratius
1248 3280 1324 3318 nunc
1338 3261 1546 3339 dispiciendum
1560 3267 1608 3332 est,

581 3384 586 3393 ·
668 3347 793 3424 pluribus
807 3348 924 3428 Virgilii
946 3349 1015 3409 locis
1036 3369 1090 3406 una
1108 3368 1191 3426 opera
1203 3349 1252 3407 lux
1265 3351 1441 3420 offundatur,
1462 3370 1560 3432 utque,
1580 3375 1611 3433 qu

667 3436 838 3496 historiarum
853 3453 979 3497 veterum
989 3459 1077 3518 genus
1090 3441 1184 3518 posta,
1205 3458 1318 3516 quoque
1330 3439 1443 3515 judicio
1460 3447 1606 3524 amplexus

668 3541 808 3605 appareat.
849 3529 912 3587 Nec
923 3548 990 3587 vero
1002 3530 1048 3588 sex
1060 3528 1239 3605 posteriorum
1247 3529 1390 3590 librorum
1398 3533 1522 3594 leilione
1532 3539 1611 3597 deled

671 3616 761 3693 potest
774 3615 884 3694 aliquis,
905 3618 954 3693 qui
967 3615 1066 3675 veteris
1075 3617 1164 3677 Italiae
1173 3620 1271 3677 statum
1284 3638 1344 3678 non
1356 3620 1505 3685 imbiberit
1516 3626 1611 3687 animo

672 3703 719 3763 suo
733 3703 919 3781 representare
929 3704 978 3763 sbi
992 3705 1077 3763 vitam
1089 3706 1167 3766 illam
1187 3707 1335 3785 antiquam
1357 3713 1451 3787 poffit.
1495 3715 1611 3778 Proclivi

672 3814 783 3872 quoque
795 3792 882 3853 lindio
896 3791 932 3850 ad
943 3792 1136 3854 declarandam
1151 3798 1222 3855 hanc
1243 3796 1336 3857 Italiae
1359 3802 1563 3882 antiquitatem
1584 3806 1610 3867 fe

671 3901 728 3959 quo
736 3882 816 3961 plura
828 3882 882 3941 viri
892 3882 975 3950 dosii,
995 3885 1070 3942 nulla
1082 3884 1345 3960 subtilitatejudicii
1361 3895 1508 3961 (criticam
1520 3899 1611 3976 hostori

672 3974 855 4049 appellamus)
867 3971 990 4032 adhibita
999 3973 1184 4043 tradiderunt,
1204 3994 1317 4055 quoque
1340 3983 1482 4058 pauciora
1507 3988 1562 4048 rite
1584 4008 1611 4051 et

631 4072 634 4080 ·
673 4060 835 4137 scriptorum
845 4063 952 4144 avique
964 4064 1046 4143 prisci
1055 4065 1137 4129 fidem
1150 4086 1315 4158 moremque
1326 4070 1391 4132 sunt
1398 4080 1552 4172 explorata
1565 4097 1611 4145 et<

673 4148 774 4225 lllllllllr
1285 4215 1291 4223 .
1405 4224 1407 4227 ,
