3450 4964
595 900 877 961 axcuusus
908 900 934 958 1.
1020 966 1030 987 ό

291 1032 395 1125 Super
408 1034 550 1122 temporis
551 1032 668 1127 spatio,
691 1033 723 1098 in
739 1029 873 1121 quudsrx
883 984 1083 1118 posteriorum¹
1093 1025 1237 1096 AEneidis

416 1138 571 1242 ‘librorum
588 1162 636 1204 res
645 1135 734 1227 gestae
748 1160 767 1201 o
778 1139 869 1226 potia
880 1134 1095 1223 dgspffcunrur.

296 1266 393 1376 Lu.
401 1315 471 1381 XII,
487 1336 515 1372 11
522 1337 536 1388 3
550 1320 645 1391 Postera
655 1320 819 1386 vixsunrmos.
849 1312 935 1368 Erunt
947 1313 1023 1380 forte,
1043 1313 1088 1388 qui
1099 1314 1144 1370 vix
1158 1312 1248 1366 fidem.

294 1397 407 1454 habeant
418 1399 485 1455 mihi
497 1401 645 1464 affirmanti,
663 1418 805 1473 paucorum
824 1397 928 1453 dierum
949 1401 1003 1453 asia
1015 1400 1057 1453 sex
1070 1397 1236 1471 posteriorum

295 1482 415 1540 AEneidis
424 1484 551 1539 librorum
565 1496 743 1557 argumentum
755 1482 869 1556 explere.
908 1483 948 1536 Ita
961 1496 1044 1536 tamen
1057 1500 1095 1536 res
1107 1481 1132 1535 se
1144 1479 1235 1533 habet:

295 1570 414 1623 nondum
425 1568 526 1640 viginti
537 1568 592 1623 dieu
603 1568 692 1623 exiisse
704 1568 795 1625 doceri
809 1569 905 1643 potest,¹
919 1586 977 1622 curn
991 1566 1076 1621 Turni
1089 1565 1159 1621 caede
1170 1564 1237 1618 salla

296 1653 452 1725 totapAEneis
463 1650 613 1708 absolvitur.
651 1654 705 1707 Sub
723 1653 814 1707 astatis
833 1652 931 1707 exitum
956 1651 1063 1706 AEneam
1082 1650 1115 1705 ad
1134 1648 1236 1703 Isaliam

294 1737 397 1793 elationi
410 1755 443 1791 ex
455 1751 539 1792 mente
550 1745 632 1812 poetae
647 1739 776 1813 appellere
788 1739 864 1811 supra
875 1737 1012 1792 docuimus
1024 1738 1060 1792 T.
1075 1735 1112 1799 ΙΙ,
1132 1754 1158 1808 p.
1171 1738 1235 1804 428.

296 1821 403 1896 Ingresli
416 1821 522 1877 Tiberis
541 1822 604 1876 ostia
618 1822 729 1897 Trojani
749 1822 890 1878 escendunt
910 1821 939 1877 in
958 1824 1048 1876 littore
1068 1837 1169 1875 coenam
1194 1837 1237 1871 ca-

297 1905 374 1980 piunt
386 1904 433 1962 lib.
445 1903 510 1970 VII,
526 1925 681 1982 107—147.
719 1907 814 1961 Altero
834 1905 877 1960 die
896 1909 1030 1980 explorant
1042 1918 1129 1959 terras.
1167 1900 1238 1958 Missi

298 1992 382 2066 legati
402 1993 435 2047 ad
457 1991 579 2047 Latinum
593 1993 661 2048 fusto
674 1992 774 2048 soedere
787 1994 913 2067 pactoque
934 1995 1022 2049 AEneae
1044 2009 1104 2045 cum
1129 1988 1239 2044 Lavinia

298 2076 424 2150 conjugio
437 2076 545 2131 redeunt
562 2076 590 2153 iu
609 2079 699 2140 castra,
718 2097 776 2150 quae
793 2077 893 2130 interea
912 2076 972 2130 folla
993 2088 1019 2130 et
1043 2074 1112 2128 vallo
1124 2075 1240 2130 cinxerat

300 2159 438 2232 Trojanus.
457 2180 483 2214 v.
498 2162 651 2234 148-285.
689 2160 755 2215 Inde
768 2161 879 2230 Junonis
899 2159 960 2214 odia
981 2172 1008 2213 et
1027 2157 1130 2212 fraudes
1142 2161 1174 2213 ad
1185 2174 1240 2214 tur-

223 2279 225 2282 <
300 2243 399 2300 bandus
411 2243 482 2299 Latii
496 2261 552 2297 rer:
584 2249 638 2302 286
652 2244 709 2319 sqq.
747 2243 834 2299 Turni
858 2245 970 2300 animum
990 2262 1037 2323 per
1061 2242 1179 2299 somnum
1201 2250 1238 2315 (v.

299 2335 365 2404 414)
382 2331 437 2404 ipsa
453 2330 545 2384 Alecto
569 2327 608 2382 ira
629 2344 655 2384 et
680 2330 767 2385 surore
791 2330 916 2385 incendit.
955 2329 1050 2383 Tertio
1069 2325 1113 2382 die
1124 2329 1240 2385 seruntur

300 2418 389 2471 euulsa
400 2415 463 2470 belli
474 2415 542 2469 inter
553 2414 685 2486 Trojanos
696 2427 723 2470 et
736 2414 846 2470 Latinos
856 2434 863 2469 t
884 2415 988 2470 Turnus
1010 2413 1167 2470 Laurentum
1181 2433 1240 2489 pro.

297 2501 380 2555 festus
394 2514 465 2573 parat
482 2516 564 2563 arma,
582 2499 663 2554 edicit
677 2498 785 2564 bellum,
803 2499 902 2554 auxilia
919 2499 1039 2576 colligit„
1072 2497 1152 2554 Recte
1170 2522 1239 2557 nunc

299 2586 333 2638 ab
345 2584 418 2641 omni
429 2582 550 2656 temporis
568 2584 754 2639 memoratione
765 2584 873 2639 abstinet
890 2588 982 2657 poeta:
1015 2583 1059 2638 sed
1076 2587 1166 2657 paullo
1184 2588 1241 2660 post

299 2668 347 2724 sub
358 2669 422 2724 libri
435 2667 503 2722 VIII
515 2666 620 2723 initium
637 2669 733 2727 iterum
750 2682 893 2743 temporum
915 2684 988 2726 notas
1007 2669 1136 2744 adjungit.
1173 2671 1240 2728 Viso

298 2757 426 2811 nollurno
438 2752 551 2808 monitus
562 2752 655 2809 AEneas
664 2755 714 2809 iter
723 2771 794 2828 parat
805 2756 838 2809 ad
848 2755 1006 2817 Evandrum.
1045 2755 1113 2811 Orto
1122 2758 1165 2813 die
1178 2759 1240 2813 bina

298 2840 406 2915 navigia
418 2838 518 2895 instruit
534 2838 691 2913 adversoque
703 2837 798 2894 Tiberi
810 2843 911 2896 evesius
930 2841 976 2898 sub
993 2841 1127 2897 meridiem
1144 2847 1239 2902 collem

298 2926 457 2989 Palatinum,
475 2941 551 2997 quem
562 2922 682 2978 Evander
694 2922 809 2989 tenebat,
828 2924 953 2998 prospicit
965 2925 1046 2991 VIII,
1064 2946 1171 3003 79—97
1182 2929 1239 3007 sqq.

300 3008 429 3084 Hospitio
441 3010 475 3063 ab
487 3026 519 3063 eo
530 3007 639 3081 benigue
649 3021 771 3085 exceptus
784 3015 849 3083 (169
859 3011 943 3084 sqq.),
961 3012 1057 3089 dieque
1066 3016 1239 3073 etnoslecum

300 3095 435 3149 eoexasla
455 3113 480 3148 v.
495 3096 639 3164 367—369
663 3093 744 3146 altero
767 3093 811 3148 die
833 3100 896 3168 (455
910 3096 975 3169 sqq.)
1000 3095 1116 3150 Evandri
1139 3099 1241 3153 monitu

300 3180 427 3254 Agyllam
439 3177 484 3233 seu
496 3177 571 3232 Caere
587 3176 698 3233 Etruriae
719 3177 807 3233 urbem
821 3182 877 3235 adit
888 3181 980 3236 AEneas
992 3196 1019 3237 et
1033 3183 1196 3240 Tarchonem
1205 3189 1240 3242 ad

194 3298 200 3307 ·
298 3283 434 3320 armorum
448 3260 594 3316 societatem
603 3263 705 3336 pellicit
713 3281 740 3316 v.
756 3266 810 3335 604
820 3264 856 3338 sq.

336 3351 439 3405 Interea
448 3345 543 3401 nuntio
555 3347 587 3401 de
601 3347 687 3403 AEneae
699 3347 813 3403 absentia
825 3365 930 3426 accepto
943 3354 1049 3407 Turnus
1061 3355 1155 3410 vallum
1170 3346 1240 3411 Tro·

294 3436 419 3509 janorum
444 3442 587 3505 oppugnat,
607 3432 709 3488 classem
722 3431 855 3490 incendit:
876 3436 931 3501 IX,
948 3444 1064 3514 1-158.
1101 3441 1188 3496 Nolle
1201 3441 1241 3495 in-

297 3521 406 3597 sequuta
417 3515 502 3577 Nisus
523 3530 548 3568 et
565 3510 693 3589 Euryalus
706 3515 739 3570 ad
750 3518 859 3574 AEneam
872 3521 934 3576 missi
948 3523 1130 3578 interimuntur
1153 3545 1241 3597 159-

295 3613 360 3685 458.
400 3605 500 3660 Altero
512 3598 566 3664 die,
585 3602 631 3675 qui
640 3603 713 3659 idern
726 3603 823 3667 illeest,
843 3625 895 3679 quo
904 3606 997 3663 AEneas
1009 3608 1156 3665 Caeretanos
1168 3613 1241 3667 adie-

295 3709 345 3759 rat,
365 3687 467 3749 Rutuli
479 3685 557 3739 castra
569 3685 748 3760 Trojanorum
761 3690 833 3743 omni
852 3691 1048 3771 vipoppugnant
1069 3714 1123 3770 459
1141 3699 1174 3753 Er
1181 3701 1242 3771 jam

205 3788 210 3803 t
288 3776 373 3859 prim&
393 3798 462 3835 novo
472 3770 608 3844 spargebat
616 3775 705 3829 lumine
720 3776 1091 3849 terras-Aurora—Irrumpit
1113 3778 1142 3837 in
1164 3781 1244 3836 castra

201 3870 205 3879 “
294 3865 414 3926 Turnus,
435 3858 531 3913 iterum
543 3850 681 3928 expellitur
693 3857 742 3912 lib.
756 3856 806 3912 lx,
845 3860 968 3924 liabetur¹
982 3859 1121 3914 concilium
1134 3866 1243 3917 deorum

293 3950 334 4020 X,
349 3961 477 4020 1-117-
512 3937 615 3999 Interea
628 3943 724 4001 Rutuli
745 3960 856 4019 pergunt
877 3946 972 4001 stallum
989 3937 1139 4022 oppugnare
1154 3955 1244 4005 118-

308 4060 313 4067 ¹
1183 4051 1246 4108 ¹45³
