3848 4918
530 369 613 479 324‘
679 374 1047 461 1³..v1RG1L11
1096 386 1395 464 mnnonrs

534 590 605 675 Tu,
622 590 698 673 dea,
714 606 751 661 tu
769 588 921 684 praesens
939 589 1057 661 nostro
1073 589 1236 666 succurre
1252 592 1380 682 labori,

533 724 718 796 Astrorum
731 724 848 812 decus,
860 744 895 796 et
912 748 1099 798 nemorum
1110 718 1262 799 Latonia
1278 726 1415 810 custos3
1437 741 1511 823 405

532 862 570 937 Si
587 888 657 961 qua
673 864 741 935 tuis
758 866 934 960 umquam
948 890 1015 960 pro
1031 890 1090 938 me
1106 884 1206 963 pater
1222 868 1402 962 Hyrtacus
1419 867 1489 939 aris
1512 916 1518 923 -
1549 906 1552 913 ·

534 1001 639 1074 Dona
655 1002 747 1089 tulit,
763 1000 788 1072 fi
807 1025 877 1098 qua
892 1000 966 1096 ipse
985 1002 1276 1099 meis·venatibus
1292 1002 1390 1089 auxi,

534 1128 750 1224 Suspendive
767 1132 877 1216 tholo,
893 1149 953 1202 aut
971 1129 1065 1202 sacra
1082 1132 1126 1203 ad
1144 1131 1282 1228 fastigia
1298 1132 1361 1203 fixi
1378 1158 1388 1203 ε
1406 1122 1412 1129 ’

535 1263 1514 1366 Huncfinemeturbaregiobum‚etregetelaperauras,

534 1396 706 1469 Dixerat:
734 1416 768 1470 et
784 1418 861 1471 toto
878 1400 1051 1471 connixus
1067 1422 1216 1495 corpore
1233 1397 1364 1472 ferrum
1436 1423 1518 1491 410

537 1528 707 1628 Conjicit.
761 1532 871 1604 Hasta
883 1534 1003 1604 volans
1016 1532 1128 1604 nodis
1140 1522 1341 1605 diverberat
1353 1532 1546 1619 umbras,-

536 1664 586 1739 Et
603 1666 701 1740 venit
716 1664 824 1740 aversi
841 1668 877 1738 in
894 1684 1036 1763 tergum
1052 1667 1243 1756 Sulmonis,
1268 1666 1393 1764 ibique

571 1880 629 1926 404.
647 1884 691 1933 pro
707 1871 782 1928 labori,
798 1870 870 1927 dolori,
885 1867 1118 1918 videturdeiiderare
1136 1869 1250 1917 Burman.
1269 1870 1322 1915 Sec.
1334 1865 1365 1915 ad
1376 1863 1516 1930 Antholog.

537 1957 563 2009 p.
576 1955 632 2004 150,
642 1945 681 1993 sed
692 1946 723 1994 ad
733 1946 802 1994 iilum
821 1951 902 2009 pottae
918 1945 1008 2004 locunt,
1023 1954 1096 2009 quem
1118 1944 1151 1994 ibi
1163 1945 1260 2000 tradat,
1273 1942 1380 2007 spediare
1400 1943 1427 1991 id
1438 1941 1519 1990 debet.

539 2034 660 2084 ——409.
678 2027 744 2071 Nunc
761 2037 797 2084 pr.
824 2023 917 2070 Moret.
946 2036 989 2089 per
1007 2024 1070 2091 lupia
1091 2022 1171 2086 Bigot.
1192 2032 1217 2069 et
1234 2019 1310 2069 Goth.
1331 2029 1516 2076 terte-410·

538 2098 616 2164 ponfiu
632 2100 714 2158 Rom,
731 2110 756 2147 et
771 2098 818 2147 hoc
829 2099 1062 2149 Pierinssecundum
1072 2100 1180 2148 Probum
1193 2096 1346 2169 praeferebat.
1379 2099 1477 2145 connixus
1500 2111 1516 2143 e

540 2173 588 2222 suia
598 2176 706 2227 defendit
717 2176 837 2226 Heiuiiut.¹
868 2176 919 2237 Sed
928 2176 954 2241 fi,
969 2191 997 2227 ut
1007 2177 1074 2237 facit,
1089 2181 1173 2227 conixus
1183 2176 1304 2235 scribitur,
1324 2174 1405 2224 statim
1420 2189 1519 2238 quoque

541 2254 614 2301 conicit
629 2253 663 2302 vs.
680 2269 727 2313 41¹
751 2266 804 2305 erat
825 2253 1003 2318 resurgendum.
1037 2254 1074 2323 Sic
1086 2270 1181 2321 quoque
1192 2264 1251 2302 vett.
1269 2269 1307 2317 ap.
1324 2251 1435 2300 Seruium
1444 2244 1520 2298 habe*

541 2326 731 2389 bant—411.
757 2332 885 2381 deverterat
900 2347 940 2395 qu.
961 2330 1051 2380 Monet.
1082 2348 1147 2380 auras
1164 2329 1257 2401 aliquot
1273 2331 1356 2377 Burm.
1378 2343 1404 2378 v.
1422 2317 1466 2374 lib.
1484 2324 1521 2395 V,

538 2418 721 2471 joa—412.
739 2409 839 2473 Adverst
852 2408 926 2475 vulgo
937 2408 1026 2473 ubique
1037 2407 1134 2471 legitur.
1168 2406 1264 2456 Servius
1274 2405 1303 2453 de
1320 2405 1386 2453 scuto
1398 2403 1521 2469 interpre-

540 2491 621 2533 tatur:
649 2482 680 2549 iic
699 2500 795 2549 quoque
813 2487 929 2533 Donatus.
968 2484 1103 2534 conturbat
1125 2474 1385 2553 interdumkanimum,
1401 2479 1419 2529 ii
1437 2476 1523 2528 videa·

542 2568 620 2607 totam
635 2560 805 2624 antiquitatem
815 2558 940 2609 absurdam
952 2562 1091 2625 opinionem
1102 2559 1257 2625 pervicaciter
1268 2570 1359 2617 tenere,
1374 2568 1399 2606 et
1415 2556 1521 2605 recenti·

542 2649 598 2686 ores
606 2637 686 2686 eidem
695 2637 821 2686 inhaerere.
852 2637 893 2685 Est
904 2637 975 2685 doda
982 2639 1013 2686 ad
1021 2638 1045 2685 h.
1055 2637 1072 2685 l.
1091 2637 1174 2686 Heinfi
1184 2648 1251 2705 nota,
1262 2651 1309 2701 qua
1317 2635 1388 2684 docet
1403 2650 1432 2684 ex
1443 2631 1523 2700 tergiff

543 2713 704 2763 animantium
715 2713 779 2762 india
789 2713 863 2772 scuta,
880 2725 904 2761 et
915 2713 970 2761 hinc
981 2725 1051 2780 terga
1062 2714 1139 2778 poetis
1152 2714 1182 2763 de
1193 2714 1266 2763 scurie
1276 2712 1348 2764 dieta.
1384 2712 1520 2760 Enimvero

543 2791 575 2841 de
583 2791 628 2840 hoc
639 2809 712 2842 nemo
722 2792 791 2840 facile
800 2792 908 2840 dubitet·
942 2793 989 2840 Sed
999 2793 1045 2841 hoc
1055 2793 1109 2841 loco
1125 2808 1208 2860 tergum
1224 2780 1317 2841 diuum
1324 2790 1368 2850 est,
1383 2806 1433 2840 non
1443 2790 1519 2839 modo

541 2864 592 2918 fine
603 2869 653 2918 uilo
661 2869 784 2932 adjundo,
799 2868 864 2932 quod
874 2868 967 2919 sensum
978 2870 1091 2934 adjuvare
1098 2881 1123 2919 et
1135 2870 1194 2920 scuti
1202 2869 1329 2918 notionem
1342 2867 1434 2917 inserte
1440 2866 1523 2934 poffit0

544 2956 572 2994 ut
584 2945 608 2995 in
617 2946 670 2997 loco
682 2947 773 3006 Ovidii,
785 2962 859 3010 quem
870 2945 1078 3006 1αιιάεῑ,ἱεάιιηι;
1091 2963 1178 3017 uerum
1188 2947 1263 2997 etiam
1275 2936 1368 3012 adieda
1379 2962 1447 3005 voce,
1463 2963 1520 3010 quae

544 3020 614 3070 illum
625 3021 783 3088 significatum
793 3023 888 3087 prorsus
898 3024 1000 3072 evertit:
1018 3028 1040 3074 in
1057 3038 1140 3090 tergum
1156 3026 1268 3076 Sulmonin
1302 3026 1455 3074 Burmannus
1464 3024 1523 3075 satie

543 3097 619 3147 habet
637 3099 670 3147 vi.
687 3099 734 3160 764
748 3099 792 3148 ini.
811 3098 918 3149 laudare.
952 3101 1043 3149 Saltem
1061 3113 1113 3151 erat
1132 3102 1269 3159 dicendum,
1286 3100 1522 3151 exadversostetiffe

546 3172 677 3225 Suimonen
689 3176 757 3235 Niso,
773 3175 815 3225 etii
827 3188 896 3243 tergo
905 3177 930 3225 in
942 3194 998 3226 eum
1006 3179 1133 3228 conversoz
1150 3195 1221 3228 nemo
1232 3190 1314 3228 tamen
1330 3180 1377 3228 hoe
1387 3179 1464 3245 positu
1476 3180 1523 3229 ali-

546 3268 620 3316 quem
642 3255 756 3323 adoersum
767 3254 824 3323 stare
840 3253 935 3304 dixerit.
969 3256 1052 3319 Averſs
1067 3254 1112 3304 effe
1130 3255 1269 3322 legendum,
1284 3262 1339 3303 cum
1351 3248 1522 3311 Cerdanullua

546 3328 641 3379 dubito.
674 3329 760 3385 Totiea
769 3330 794 3377 in
802 3329 846 3378 hac
857 3346 916 3379 voce
926 3329 1029 3394 turpiter
1040 3326 1097 3394 lapsi
1107 3332 1161 3380 sunt
1173 3329 1273 3389 librarii,
1282 3341 1310 3378 ut
1317 3330 1421 3380 licentiae
1432 3331 1457 3379 in
1466 3338 1521 3380 eant

545 3405 602 3462 latis
620 3404 648 3454 fit
669 3405 747 3455 nobis.
781 3406 862 3454 Habet
873 3422 969 3471 quoque
983 3404 1043 3454 illud
1053 3405 1098 3456 sec.
1108 3405 1227 3455 Rottend
1257 3404 1422 3455 Transadada
1437 3418 1521 3457 autem

1056 3491 1060 3496 '
1476 3482 1525 3538 [uit

541 3630 602 3676 rata
613 3618 642 3676 tn
654 3619 831 3695 aperturum
841 3616 1008 3698 prorupisset.
1057 3640 1125 3753 i⁰⁷'
1143 3584 1523 3694 anriutarrarpseonao-

540 3717 616 3829 ²prop
637 3694 763 3754 Imitatur
783 3695 892 3773 copiose
910 3696 1010 3753 Statius
1078 3696 1130 3785 idi,
1155 3709 1214 3764 aut,
1232 3714 1294 3783 fluae
1312 3706 1368 3753 vox
1380 3695 1461 3783 'sacra
1473 3695 1522 3764 est,

538 3771 1012 3928 -unet.tuorna
1058 3792 1139 3908 uz
1159 3769 1523 3937 brunnum

541 3934 615 3986 ,nota
627 3930 713 3987 velex
725 3927 806 3986 mad.
819 3943 848 3998 a,
862 3947 898 4005 39
912 3927 966 4007 seq.
990 3954 1012 3996 ε,
1060 3929 1151 3984 tundae
1163 3925 1228 3984 aedrs
1244 3942 1274 3980 m
1286 3924 1524 4027 teiiudrnemeon-

551 4004 694 4159 iiiii·
714 4005 850 4142 iiii:
863 4004 1012 4160 iiiii:
1060 4002 1526 4158 {titutiiu‘inzb

546 4156 676 4240 propitia,
708 4173 738 4222 ut
769 4159 838 4221 alibi
869 4160 1012 4223 monitum.
1059 4155 1527 4296 iaaor,utIIiad.S,zpalie12123;

1394 4253 1411 4294 0
1487 4254 1530 4297 tua
