3966 4920
670 435 738 511 132
900 408 1301 489 nxcnnsn‘s
1338 409 1396 488 111

671 613 731 673 sim.
772 617 817 676 Ita
829 614 889 678 Dio
901 630 930 676 et
944 617 1056 675 Taetza
1076 629 1222 692 excerptus
1238 634 1267 693 p.
1285 633 1333 675 21.
1357 600 1394 692 4!
1415 614 1544 692 Λαὺςιιτον
1556 616 1584 672 τὸ
1597 643 1616 672 κ.

670 706 758 782 Τςοίαν
770 712 903 780 taurinen».
943 705 1067 784 Appian.
1080 705 1110 763 in
1123 706 1266 783 Excerpto
1278 725 1315 764 ex
1326 705 1428 764 Photio
1441 704 1514 764 Cod.
1524 724 1556 784 37
1566 705 1616 762 litu

671 797 845 858 Laurentum
865 813 894 858 et
906 818 984 857 oram
999 798 1166 856 maritimam
1175 797 1293 872 Trojam
1305 797 1407 857 dietam
1419 816 1560 877 perperam
1581 818 1616 854 na

672 900 725 948 rat.
767 889 839 948 Satis
852 890 890 947 etl
902 889 985 948 semel
998 887 1034 947 de
1044 890 1097 948 hoc
1108 886 1243 947 monitum
1256 889 1317 949 eise.
1339 909 1367 946 v.
1384 889 1457 971 inpr.
1471 888 1567 966 Vulpii
1575 889 1616 947 Va

672 978 739 1037 Lat.
755 979 838 1038 Tom-
852 979 906 1045 VI,
927 1001 955 1059 p.
973 999 1003 1056 13
1015 978 1090 1057 seqq.
1112 976 1166 1037 Sed
1176 992 1204 1036 et
1216 991 1323 1037 veteres
1333 978 1426 1056 paffim
1437 978 1590 1057 scriptores,
1611 998 1616 1034 ι

673 1066 773 1125 Strabo
785 1067 825 1134 V,
843 1087 873 1143 p.
886 1087 943 1147 350
957 1067 990 1125 B.
1008 1071 1052 1146 (p.
1075 1067 1145 1146 229)
1164 1066 1305 1141 Trojanoe
1324 1068 1442 1146 egrelloa
1457 1067 1542 1127 statim
1556 1069 1616 1126 Lar

670 1157 748 1216 nium
760 1155 910 1217 condidisse
922 1157 1012 1216 aiunt.
1052 1157 1163 1216 Nomen
1174 1148 1270 1233 Trojae
1280 1177 1316 1219 ex
1325 1156 1411 1216 Livio
1420 1157 1481 1234 jam
1488 1170 1581 1216 notum
1593 1162 1616 1215 el

670 1248 769 1324 potest,
787 1245 839 1306 lib·
853 1248 880 1314 Ι,
897 1266 908 1307 1
925 1247 960 1307 ab
974 1247 1066 1307 Sicilia
1079 1247 1148 1326 claffe
1160 1248 1310 1308 laurentem
1321 1271 1413 1327 agrum
1424 1251 1540 1326 tenueffe:
1559 1245 1616 1325 ἵνα]

670 1351 695 1394 et
708 1336 919 1396 buiclacenomen
938 1343 982 1417 est.
1020 1338 1066 1396 Ibi
1082 1340 1171 1417 egreffi
1182 1336 1308 1418 Trojam'.
1349 1337 1616 1419 Qatuoramarill

671 1424 724 1485 diis
737 1426 782 1485 seu
795 1429 884 1507 pallus
898 1428 1064 1508 quingentos
1078 1447 1138 1485 eam
1152 1426 1250 1487 distare
1265 1427 1416 1506 Dionysius
1440 1426 1534 1503 adjicit
1554 1426 1604 1485 lib.

673 1535 689 1595 ς
694 1536 722 1594 3,
743 1518 816 1577 unde
829 1519 1055 1596 renoVirgilim
1067 1519 1141 1584 VII,
1161 1535 1171 1576 1
1179 1522 1215 1598 58
1225 1524 1226 1527 ’
1228 1524 1329 1594 primas
1341 1526 1369 1577 in
1380 1521 1467 1601 lp'ttare
1477 1521 1548 1593 sedes
1563 1516 1616 1575 dix}

673 1607 775 1667 Strabo
800 1609 887 1678 enirn,
907 1609 956 1688 qui
968 1609 1019 1669 lib.
1032 1609 1073 1675 V,
1092 1629 1122 1686 p.
1138 1628 1207 1687 229,
1227 1609 1329 1667 XXIV
1348 1607 1433 1667 stadia
1451 1619 1593 1672 memorat,
1613 1631 1616 1662 t

672 1697 815 1758 Laurento
826 1699 959 1778 quuitur,
979 1720 1035 1758 non
1048 1700 1083 1758 de
1096 1697 1191 1773 Trojae
1212 1698 1271 1757 situ.
1291 1698 1331 1758 cf.
1347 1700 1465 1759 Cluver.
1483 1719 1513 1777 p.
1534 1701 1600 1764 880,

672 1785 792 1866 Vulpius
804 1791 824 1849 1.
838 1808 909 1869 esp.
924 1809 962 1867 40
976 1788 1035 1868 sqq.

713 1877 806 1935 Locus
819 1876 866 1936 hic
879 1877 1035 1954 aTrojanit
1046 1892 1141 1955 captus
1151 1876 1323 1956 munitusque
1337 1877 1463 1957 (χάςαμ
1475 1876 1556 1936 liam
1564 1873 1616 1936 etia

673 1965 792 2043 Dionys.
807 1968 833 2034 I,
854 1967 921 2046 53),
941 1988 1024 2047 quem
1038 1966 1146 2046 Trojam
1159 1990 1256 2026 navam
1276 1969 1416 2047 appellant
1437 1967 1594 2047 scriptores,
1613 1991 1616 2022 t

672 2056 709 2124 is,
738 2076 822 2135 quem
844 2060 928 2136 po'e'ta
949 2059 1008 2120 fere
1034 2063 1172 2136 chrorum
1191 2057 1302 2117 nomine
1322 2076 1355 2116 ae
1374 2056 1489 2118 notione
1514 2058 1616 2137 delignr

625 2220 627 2225 ,
673 2163 815 2225 quemque
834 2146 945 2206 Turnus
971 2163 1116 2227 oppugnat
1142 2147 1192 2206 lib.
1214 2149 1269 2207 1x.
1308 2150 1482 2226 Τειχομαχία
1503 2149 1616 2210 castroru

675 2237 852 2299 Achivorum
871 2251 980 2316 partem
999 2237 1095 2297 Iliadis
1115 2237 1255 2298 constituit
1270 2237 1458 2318 insigniorem.
1498 2239 1555 2299 Sed
1566 2241 1616 2299 Ma

675 2327 790 2388 flatilem
799 2346 921 2407 pugnam
931 2329 1056 2388 locorum
1067 2326 1117 2387 litu
1126 2327 1248 2388 variavit
1255 2331 1397 2408 praeclare.
1437 2329 1572 2394 Adextra
1582 2350 1616 2389 m

675 2418 724 2478 tria
736 2419 772 2478 ad
786 2438 894 2476 amnem
909 2418 1106 2497 pertingebant
1130 2417 1196 2494 (IX,
1210 2419 1269 2497 469
1281 2441 1340 2478 nam
1350 2422 1458 2478 'dextera
1471 2413 1583 2497 cingitur
1594 2445 1616 2479 ar

675 2516 705 2567 ni
704 2515 736 2584 ),
756 2528 840 2586 quam
851 2522 961 2586 partem
974 2509 1087 2566 Turnus
1100 2506 1231 2567 incastris
1243 2509 1413 2589 interceptus
1436 2510 1543 2588 petiisse
1554 2525 1616 2589 puta

675 2599 728 2658 dus
740 2599 778 2656 est
789 2600 830 2673 (r.
845 2615 903 2675 790
913 2597 1016 2656 Turnus
1024 2596 1167 2675 paullatim
1179 2601 1296 2658 excedere
1304 2615 1405 2678 pugna,
1424 2602 1461 2661 Et
1477 2604 1596 2678 fluvium
1605 2627 1616 2678 p

676 2706 731 2749 tere
742 2712 774 2748 ac
783 2703 897 2765 partem,
916 2711 973 2767 quae
985 2693 1099 2768 cingitur
1121 2694 1232 2763 amni);
1259 2686 1323 2749 inde
1341 2690 1414 2748 eninr
1440 2690 1507 2749 sein
1525 2690 1616 2750 Tiberi

677 2777 746 2837 saltu
757 2776 882 2836 immittit
900 2797 929 2836 v.
942 2782 1008 2857 815.
1050 2781 1085 2837 In
1099 2777 1227 2857 proximo
1240 2779 1369 2839 subdatia
1381 2796 1441 2838 erat
1452 2779 1537 2840 cladis
1553 2780 1616 2858 Tro

674 2889 788 2935 norum,
808 2889 913 2949 aggere
924 2869 1012 2928 cindia
1023 2885 1052 2929 et
1065 2871 1151 2929 fluvio
1160 2886 1219 2930 tuta
1236 2873 1293 2938 IX,
1303 2873 1341 2931 68
1352 2872 1391 2951 sq.
1406 2873 1523 2952 Claffem,
1543 2897 1601 2953 quae
1614 2912 1616 2931 r

676 2967 728 3019 teri
740 2964 875 3038 castrorum
884 2962 1008 3038 affunlla
1021 2959 1132 3029 latebat,
1150 2962 1297 3038 Aggeribus
1299 2966 1401 3039 septam
1411 2967 1504 3020 circam
1514 2979 1539 3020 et
1542 2966 1616 3040 flavi

553 3076 556 3087 ¹
678 3047 832 3109 libmundis
845 3047 971 3106 laurada.
1013 3048 1059 3107 Ab
1083 3051 1270 3127 altera‘parte
1295 3069 1372 3109 mare
1385 3064 1462 3117 eratt
1491 3069 1556 3109 nam
1577 3067 1616 3128 pn

677 3139 826 3197 castrorum
832 3140 953 3212 proxima
959 3152 1033 3214 ponto
1044 3150 1279 3196 commemoratur
1300 3139 1356 3203 IX,
1371 3142 1439 3215 238.
1459 3138 1499 3197 cf.
1516 3140 1598 3197 Serv.

678 3247 705 3285 e.
717 3228 738 3285 1.
752 3241 781 3286 et
794 3226 830 3285 ad
842 3226 912 3294 Vll,
935 3245 981 3304 31.
1022 3227 1091 3285 Erat
1105 3242 1198 3284 tamen
1220 3234 1333 3304 campus
1352 3227 1426 3287 inter
1438 3247 1515 3287 mare
1528 3243 1557 3287 et
1570 3230 1616 3288 cal

679 3316 742 3377 satis
755 3331 865 3395 patens,
884 3335 939 3394 quo
947 3316 1045 3375 Rutuli
1058 3315 1168 3374 ordines
1179 3315 1319 3394 explicare
1331 3329 1360 3374 et
1373 3315 1469 3375 urbani
1488 3320 1616 3396 oppugna

679 3421 818 3482 poterant.
858 3405 933 3464 Nam
947 3404 1064 3480 Trojani
1076 3426 1202 3463 murorum
1210 3411 1238 3461 in
1245 3404 1567 3483 partefinislraoppestre're
1580 3432 1616 3466 acr

678 3509 733 3553 etc.
746 3495 803 3559 tx,
821 3488 891 3572 46t.
932 3497 976 3554 Ex
988 3496 1043 3554 hoe
1055 3496 1179 3555 locorum
1193 3492 1244 3554 fitu
1255 3494 1339 3554 etiam
1363 3494 1519 3554 illustranda
1538 3499 1578 3556 est
1598 3500 1616 3557 l

678 3599 708 3643 et
721 3584 836 3663 Euryali
845 3588 977 3644 nocturna
988 3586 1133 3664 profedtio.
1153 3605 1182 3644 v.
1197 3584 1232 3643 ad
1244 3584 1295 3643 lib.
1309 3585 1364 3651 lX,
1385 3606 1448 3665 ¹95·

717 3676 784 3736 Non
801 3676 887 3753 longe
901 3695 917 3733 a
930 3677 1021 3734 castris
1034 3677 1075 3733 his
1088 3689 1116 3734 et
1134 3696 1151 3735 a
1164 3674 1266 3734 Tiberi
1287 3674 1379 3734 versus
1398 3677 1538 3736 orientem
1562 3676 1616 3734 abe

680 3762 845 3832 Laurentum,
862 3765 972 3824 eoloeo
984 3767 1074 3832 litum,
1093 3766 1141 3844 qui
1154 3784 1226 3825 nunc
1236 3767 1350 3825 Paterno
1364 3780 1392 3825 et
1404 3766 1486 3825 ‘Terre
1501 3768 1616 3826 di‘Pare

680 3872 806 3925 vocatur,
827 3871 858 3916 ut
876 3855 978 3916 docent
998 3855 1115 3915 Cluver.
1135 3855 1200 3916 Ital.
1218 3864 1276 3915 ant.
1301 3876 1331 3934 p.
1357 3861 1411 3935 883
1427 3872 1455 3914 et
1467 3876 1502 3916 ex
1523 3858 1616 3916 Fabre

678 3949 797 4025 Vulpius
807 3946 875 4007 Vet.
888 3948 952 4005 Lat.
966 3947 1022 4005 To.
1036 3944 1092 4014 VI,
1112 3963 1140 4025 p.
1153 3967 1201 4028 29.
1241 3948 1350 4006 Locum
1363 3949 1392 4006 S.
1403 3947 1519 4005 Lorenza
1533 3945 1616 4025 aliip

677 4056 774 4114 perant
789 4035 922 4096 Laurenti
933 4035 1049 4115 vestigia
1061 4034 1361 4096 haberecrediderunt.
1414 4037 1460 4096 Ad
1481 4038 1582 4096 urbem
1607 4037 1616 4095 i

679 4124 780 4183 AEneas
791 4127 857 4185 fecit
870 4125 981 4205 agmine
994 4126 1028 4183 ad
1042 4125 1152 4191 laevum,
1163 4125 1382 4202 aseptentrione,
1393 4126 1616 4202 circumduiio,1

678 4215 760 4273 saltus
773 4229 802 4273 et
814 4215 902 4276 clivos
916 4216 988 4275 silvis
1001 4216 1049 4277 illo
1059 4231 1184 4293 tempore
1193 4216 1327 4276 confitoat
1341 4216 1376 4276 de
1389 4216 1527 4294 quibusv.
1538 4216 1616 4277 inf.)

679 4319 732 4383 3¹3
747 4304 805 4382 sqq.
829 4323 883 4383 522
897 4306 956 4383 sqq.
997 4305 1044 4364 Ad
1057 4306 1186 4369 dextram
1192 4305 1284 4367 ve‘rsus
1296 4306 1444 4367 littoralem
1461 4308 1581 4387 plagam
1595 4324 1616 4384 a]

1572 4394 1616 4453 rie*
