3966 4920
484 346 490 355 ’
584 404 656 489 ιςι
855 328 1293 463 excusauit

584 580 695 652 'sibun
714 580 1000 662 dequov.ltb.V11.
1014 584 1051 640 sla
1065 581 1147 662 sqq.;
1175 582 1343 642 abeoenim
1362 591 1570 662 acoepumnor

584 671 641 729 bile
656 670 725 729 illud
738 669 890 749 responsum
902 670 939 729 de
956 669 1083 728 Lavinia.
1122 669 1312 746 symbolicum
1336 689 1446 750 quoque
1466 684 1570 727 nomeu

584 760 621 816 est
636 760 729 818 Fatua
740 779 790 838 pro
811 777 897 818 uxore
910 758 997 817 Fauni
1013 757 1115 817 habitae
1127 757 1220 817 sutura
1233 758 1434 838 premonentis.
1462 778 1489 815 v.
1501 754 1569 833 Just

586 845 638 906 tim
655 848 766 916 XLIII,
788 869 814 906 r.
854 845 993 905 Videntur
1009 861 1099 905 autem
1113 847 1224 907 oracula
1245 847 1294 905 illa
1306 848 1464 926 aliquando,
1483 845 1569 905 serius

585 936 668 1003 sorte,
687 937 803 999 uerfibue
818 936 933 995 mdibus
944 936 1021 995 suffe
1032 934 1150 1004 reddita,
1169 936 1244 1013 quod
1266 937 1389 997 versuum
1410 956 1495 1016 genus
1515 937 1566 994 Se-

585 1016 988 1105 terniosappellaruntveteres:
1017 1027 1057 1085 cs.
1071 1024 1161 1087 Varro
1174 1026 1234 1085 LL.
1259 1026 1313 1094 VI,
1338 1048 1365 1104 3.
1409 1024 1572 1085 inconditos

586 1116 676 1176 versus
699 1124 841 1195 posterum
864 1117 1031 1197 superiorum
1056 1117 1160 1177 Ennius
1182 1117 1327 1178 vellicabat
1353 1120 1408 1177 boc
1434 1116 1567 1176 nominet

575 1212 696 1286 scn'pstre
705 1209 755 1268 ale·
762 1236 814 1272 rem
826 1214 852 1268 V
848 1210 952 1289 erfibus,
970 1234 1026 1290 quor
1036 1209 1093 1269 olim
1103 1210 1203 1269 Faunei
1215 1212 1241 1266 V
1237 1217 1342 1290 ateyqus
1354 1209 1487 1271 canebant.

626 1296 693 1356 Hoc
706 1318 806 1358 numen
827 1301 946 1360 Romani
966 1300 1002 1358 de
1026 1299 1098 1358 Pane
1120 1298 1280 1358 Graecorum
1303 1297 1472 1376 interpretati
1484 1297 1569 1355 suat:

586 1385 651 1444 io'de
663 1389 746 1446 etiam
760 1388 867 1450 Faunos
879 1395 919 1467 (v.
933 1391 998 1448 AEn.
1011 1389 1097 1459 VIII,
1109 1396 1156 1467 34)
1168 1390 1204 1447 ad
1217 1409 1320 1448 morem
1334 1388 1436 1446 Panum
1448 1402 1475 1445 et
1487 1389 1568 1462 Saty·

585 1495 680 1536 rorum
692 1480 889 1557 produxerunt.
929 1481 1180 1540 Grammaticorum
1201 1492 1356 1538 commenta
1378 1498 1434 1537 non
1452 1476 1568 1554 attingi-

586 1586 663 1627 mus:
692 1560 721 1628 r.
737 1570 835 1631 Vislor
854 1572 892 1632 Ο.
906 1571 946 1630 G.
960 1571 996 1630 R.
1009 1590 1035 1629 c.
1049 1587 1078 1646 4.
1119 1570 1221 1628 Habiti
1249 1569 1335 1628 Fauni
1358 1570 1429 1628 inter
1453 1564 1570 1625 comites

586 1655 691 1718 Bacchi
703 1675 730 1720 et
742 1661 821 1741 orgia
832 1661 1007 1729 celebrantes,
1026 1660 1109 1718 etiam
1123 1660 1153 1719 in
1166 1659 1231 1718 artis
1244 1658 1390 1737 operibus:
1417 1677 1470 1735 qua
1488 1655 1524 1714 de
1535 1675 1570 1717 ro

490 1789 492 1792 ψ
586 1747 694 1826 egimus
706 1749 737 1810 in
749 1752 884 1831 Antiquae.
898 1747 1031 1809 Abhandl.
1045 1769 1071 1807 c.
1083 1747 1125 1818 11,
1145 1769 1173 1828 p.
1187 1769 1222 1828 53
1237 1749 1296 1826 sqq.

493 1872 495 1879 =
626 1836 696 1896 Inde
713 1838 785 1899 inter
806 1840 910 1916 priscos
921 1838 1008 1896 Italiae
1020 1837 1063 1896 seu
1078 1837 1153 1895 Latii
1166 1856 1240 1915 reges
1262 1837 1336 1894 idem
1350 1834 1455 1892 Faunus
1468 1833 1572 1893 relatur

586 1925 635 1995 est,
655 1927 738 1986 modo
750 1928 850 1987 Martis
870 1929 955 1987 modo
975 1926 1034 1985 Pici
1046 1926 1155 1986 habitus
1166 1926 1250 1995 silius,
1268 1927 1345 2003 quod
1357 1922 1495 2001 Virgilius
1507 1942 1570 1983 am.

585 2013 682 2093 plexus
692 2017 728 2074 est
739 2019 758 2076 Ι.
772 2037 799 2077 c.
838 2017 881 2077 Eo
894 2032 1023 2096 regnante
1034 2015 1161 2075 Evander
1172 2035 1206 2074 ex
1220 2014 1341 2074 Arcadia
1353 2013 1384 2071 in
1396 2011 1504 2070 ltaliam
1517 2031 1569 2070 ve·

532 2132 540 2155 ›
585 2103 654 2162 nitse
664 2105 807 2166 serebatur.
827 2129 855 2166 v.
869 2105 985 2184 Dionys.
999 2106 1024 2176 l,
1038 2127 1086 2182 31,
1105 2104 1201 2180 Justin.
1217 2104 1329 2171 XLIII,
1346 2124 1372 2172 r,
1391 2102 1430 2162 Ο.
1446 2101 1523 2161 P.R.
1537 2124 1570 2183 ς.

586 2193 796 2254 Constituerunt
809 2195 877 2254 adeo
887 2195 973 2274 inepti
985 2194 1107 2254 homines
1115 2212 1247 2252 annorum
1258 2206 1412 2260 numerum,
1430 2209 1498 2269 quos
1507 2209 1570 2271 reg·

587 2284 694 2343 neverit
707 2284 814 2345 Faunus
826 2307 888 2345 cum
898 2285 1001 2346 caeteris
1013 2285 1132 2365 regibus.
1172 2283 1290 2368 Syncell.
1303 2303 1332 2360 p.
1348 2302 1412 2361 ¹7¹·

629 2375 672 2434 Ex
683 2373 778 2436 Fauno
789 2391 817 2435 et
828 2375 936 2434 Marcia
948 2375 1081 2453 Nympha
1093 2378 1205 2436 Latinus
1217 2373 1352 2441 natusest,
1371 2391 1428 2450 quo
1441 2388 1574 2453 regnante

589 2463 688 2523 AEneat
701 2467 736 2524 ad
747 2468 804 2526 haec
813 2468 874 2525 loca
886 2465 969 2524 uenit.
1009 2468 1085 2524 Hunc
1098 2468 1186 2524 Fauno
1211 2481 1235 2523 et
1254 2463 1363 2542 rempha
1372 2474 1485 2542 genitam
1496 2466 1571 2526 Lau.

587 2571 657 2612 rente
668 2553 774 2616 Marica
787 2558 934 2634 Accipimus.
975 2553 1040 2614 Fuit
1057 2569 1146 2613 autem
1159 2554 1264 2613 Marica
1276 2553 1328 2610 dea
1340 2551 1572 2615 Minturnensium

587 2642 624 2700 ad
636 2642 751 2703 fluvium
762 2644 853 2715 Lirin,
873 2647 950 2722 cujus
959 2646 1037 2703 lucus
1047 2642 1077 2701 in
1090 2663 1124 2702 eo
1133 2643 1232 2727 littore
1241 2661 1297 2700 non
1310 2641 1366 2699 suit
1378 2641 1499 2720 ignotus,
1517 2665 1572 2723 pro

589 2729 698 2793 Venere
703 2735 775 2792 male
784 2735 857 2813 apud
870 2732 993 2793 Serrium
1005 2732 1118 2804 habita3
1146 2752 1209 2791 nam
1222 2750 1254 2789 ea
1265 2729 1374 2790 Murcia
1385 2746 1454 2790 erat.
1492 2735 1571 2796 Ana

589 2819 715 2898 Virgilio
736 2843 786 2902 pto
806 2826 901 2881 eadem
920 2844 984 2883 cum
997 2822 1080 2881 Circe
1090 2821 1184 2880 habita
1194 2821 1290 2890 suerit,
1310 2819 1476 2896 disputatum
1489 2825 1525 2881 est
1538 2824 1571 2885 in

588 2907 675 2968 Notis
685 2910 720 2969 ed
733 2911 784 2971 lib.
798 2911 873 2979 XII,
885 2912 940 2988 164
950 2913 1013 2971 Solis
1023 2910 1083 2968 avi.
1122 2908 1176 2967 Sed
1189 2907 1283 2968 Latini
1294 2927 1379 2986 genus
1390 2907 1572 2972 diversimode

585 2997 722 3058 traditum
734 2998 809 3071 suit;
836 3018 886 3059 nec
908 3000 992 3059 modo
1013 3017 1062 3079 per
1081 2998 1195 3056 Graecos
1209 2997 1361 3079 scriptores,
1376 2998 1434 3075 jam
1451 2998 1517 3057 inde
1534 3002 1574 3065 ab

588 3086 716 3148 Hesiodo
728 3090 837 3169 Theog.
855 3112 938 3152 1011.
955 3109 1040 3167 1013,
1060 3104 1088 3148 et
1099 3109 1115 3147 a
1128 3087 1423 3166 Telegonitenuslore:
1452 3089 1489 3148 cs.
1508 3092 1570 3169 sup.

589 3176 705 3239 Eacuts.
718 3177 764 3237 IV
776 3180 811 3238 ad
824 3180 853 3240 b.
867 3181 888 3240 l.
900 3179 950 3238 sub
963 3179 1005 3251 f.;
1024 3198 1118 3238 vetum
1131 3179 1159 3236 in
1171 3177 1234 3256 ipssa
1247 3175 1351 3243 Italicis
1362 3177 1472 3253 mythis.
1495 3179 1572 3240 Her.

587 3268 658 3326 culis
664 3267 753 3328 filium
764 3288 798 3327 ex
808 3270 986 3348 Hyperborea
999 3270 1090 3347 puella
1101 3268 1175 3327 suere
1186 3267 1235 3345 qui
1244 3279 1394 3335 narrarent,
1414 3267 1456 3325 uti
1466 3267 1579 3349 Pallan-p

588 3368 645 3413 tem
657 3375 692 3414 ex
704 3356 821 3417 Lavinia
834 3357 955 3416 Evandri
965 3357 1023 3415 filia
1035 3357 1070 3415 ab
1081 3357 1177 3415 eodem
1193 3354 1313 3413 Hercule
1325 3352 1476 3432 susceptum
1490 3356 1573 3416 sabu-
1631 3414 1634 3419 .

587 3441 639 3502 tati
648 3458 740 3502 eraru:
762 3445 879 3522 Dionys.
892 3445 918 3514 I,
927 3465 976 3521 43.
1016 3446 1077 3505 Alii
1089 3444 1192 3503 exsilia
1205 3441 1292 3501 Fauni
1301 3458 1329 3499 et
1343 3441 1464 3500 Hercule
1474 3460 1572 3506 natum

587 3532 731 3605 launum,
749 3556 792 3616 ap.
804 3536 901 3613 Justin.
912 3529 1031 3605 XLIII,
1053 3558 1078 3595 r.
1120 3536 1174 3595 Sed
1195 3535 1310 3594 omuino
1333 3535 1426 3593 multis
1447 3535 1500 3595 hoc
1519 3557 1572 3595 no·

588 3624 827 3683 metreeltbrtttum
838 3624 950 3694 sabulis,
969 3644 1035 3702 quaa
1056 3643 1129 3682 nunc
1142 3622 1285 3702 disponere
1307 3643 1364 3681 non
1377 3615 1467 3692 vacat,
1486 3626 1573 3684 adeo·

586 3731 641 3789 que
654 3711 852 3791 neccolligere.
891 3712 1249 3771 Hocunummonebimus:
1276 3711 1327 3768 esse
1350 3730 1422 3769 nunc
1440 3713 1499 3790 ejus
1518 3735 1573 3774 no·

586 3819 650 3860 men
661 3801 826 3881 proprium,
845 3813 876 3859 ut
898 3800 1013 3859 Latinus
1032 3821 1078 3860 rer
1101 3799 1186 3859 suerit
1195 3825 1204 3870 ;
1234 3801 1309 3877 quod
1329 3801 1401 3877 apud
1414 3803 1574 3864 vestimen

586 3903 691 3952 tantum
713 3890 903 3970 appellativum
924 3889 1000 3949 fuisse
1016 3889 1157 3969 probabile
1177 3890 1225 3959 est,
1245 3905 1276 3948 ut
1295 3908 1379 3948 unum
1399 3891 1520 3968 aliquem
1532 3912 1572 3952 ert

585 3979 697 4055 regibus
710 3979 884 4045 Latinorum,
898 3980 974 4058 cujus
982 3999 1080 4037 verum
1094 3996 1192 4037 nomen
1205 3977 1394 4056 ignorabatur,
1407 3979 1572 4058 deignaret.

582 4071 674 4147 -Apud
694 4071 816 4130 Servium
835 4070 871 4129 ad
890 4069 939 4130 lib.
959 4069 1030 4139 vlt,
1054 4090 1104 4150 47,
1128 4090 1212 4147 quem
1223 4069 1373 4147 pleniorem
1385 4070 1465 4129 dedit
1476 4071 1572 4147 Julius

586 4161 717 4227 Sabinus,
748 4163 863 4242 Hyginus
888 4171 928 4219 ait
948 4161 1035 4240 plures
1056 4169 1084 4218 in
1106 4161 1182 4218 Latio
1207 4182 1275 4238 reges
1294 4158 1431 4236 appellatos
1452 4161 1571 4223 latinos.

586 4252 682 4333 Vulgo
702 4265 792 4312 tamen
804 4266 944 4315 narrantur
956 4252 1050 4315 Lauri
1069 4251 1105 4311 ab
1125 4270 1160 4312 eo
1181 4269 1282 4311 nornen
1300 4250 1431 4330 accepist
1441 4274 1451 4321 3
1482 4253 1565 4329 quod

1517 4358 1570 4403 Vix
