3966 4920
671 374 745 460 trs
806 422 856 453 „
937 370 1390 507 EXCURSU'SI

665 565 766 637 Λιγῦων
786 573 915 645 mptum
936 570 1024 632 ἅδόῖοι.
1065 571 1161 631 Errori
1180 588 1271 655 eutem
1293 580 1385 642 locum
1399 582 1461 645 feeit
1476 584 1535 653 hoe,
1550 594 1596 664 qrn'

667 650 788 732 Ligures
799 657 877 726 olim,
890 658 998 719 iberica
1010 679 1087 738 gens,
1101 661 1156 720 late
1165 665 1293 725 tenebant
1305 671 1438 730 maritima
1449 673 1596 733 loctnonmt

665 739 707 798 do
721 742 822 803 Gailiae
833 761 861 803 et
873 746 972 816 Italiae,
985 747 1032 805 sed
1044 762 1072 807 et
1084 747 1195 811 Iberia.
1230 752 1326 833 Itaque
1335 757 1400 836 ipsae
1413 760 1496 821 Gades
1506 763 1532 821 in
1542 761 1596 840 Ligr

664 830 744 892 ribus
762 850 956 903 memorantur,
976 851 1004 895 et
1023 840 1140 911 Λιγυςίνη
1158 860 1244 921 prope
1257 844 1350 904 Gades
1362 869 1407 928 ap.
1426 850 1506 932 Steph.
1521 853 1596 931 synt

664 936 692 978 v.
705 932 740 979 ex
751 928 836 1001 po‘etu
848 937 914 1001 puta
925 923 1058 1001 antiqu03
1079 941 1107 985 et
1119 931 1192 1007 apud
1206 931 1307 992 Avien.
1321 935 1380 994 Ora
1393 940 1478 999 marit.
1514 946 1564 1021 284
1580 943 1596 999 i

659 1014 770 1088 gastim
782 1011 860 1070 lacus.
901 1011 1063 1073 Traduntur
1075 1032 1148 1077 certe
1160 1016 1275 1096 Ligures
1287 1021 1410 1098 Sicanos,
1432 1016 1551 1090 ibericani
1561 1050 1596 1109 get

663 1109 730 1169 rem,
743 1117 777 1156 ex
790 1099 925 1178 Hispania
934 1104 1062 1180 pepuliffe
1075 1106 1146 1178 (vid.
1161 1107 1292 1188 Thucyd.
1304 1112 1359 1184 VI,
1374 1138 1402 1176 2.
1428 1116 1533 1196 Dionys.
1542 1121 1565 1190 Ι,
1578 1142 1593 1179 z

637 1233 642 1241 .
662 1183 784 1248 Diodor.
802 1188 844 1258 V,
857 1191 885 1248 6.
906 1190 988 1249 Silius
1000 1190 1063 1252 Ital.
1084 1194 1170 1262 XIV,
1195 1216 1242 1272 34.
1258 1216 1306 1278 35,
1329 1202 1392 1261 loca
1410 1205 1517 1265 excitata
1534 1209 1596 1267 olim

662 1277 791 1338 nobisad
804 1278 993 1340 Guthrianum
1011 1303 1078 1360 opus
1091 1285 1175 1345 Tom.
1196 1287 1251 1357 III,
1271 1312 1299 1369 p.
1321 1298 1382 1371 73).
1421 1297 1543 1357 Permixti
1564 1322 1596 1360 m<

659 1364 747 1424 iidem
760 1368 877 1447 Ligures
885 1389 949 1428 cum
963 1371 1051 1430 Celtis
1063 1375 1157 1451 paffim
1170 1373 1339 1451 habitarunt,
1361 1403 1396 1441 ex
1409 1406 1462 1464 quo
1473 1407 1560 1465 genere
1578 1391 1595 1447 S

552 1460 555 1464 ⁴
636 1522 639 1529 ,
660 1455 718 1532 iyer
730 1464 823 1517 eraut:
838 1479 868 1518 v.
888 1459 984 1519 Strabo
993 1460 1049 1530 IV,
1061 1482 1089 1540 p.
1104 1484 1155 1539 311
1174 1467 1220 1535 A;
1240 1466 1400 1547 itaqueloca
1412 1475 1482 1534 circa
1494 1478 1596 1538 Matina

538 1548 540 1555 '
660 1546 864 1607 eeRhodmum
877 1547 913 1604 ad
921 1548 1219 1626 Liguresreferuntur:
1245 1555 1280 1615 src
1292 1576 1335 1637 ap.
1351 1561 1480 1639 Apollod.
1497 1566 1574 1649 11,5,
1595 1620 1596 1623 ,

660 1647 689 1693 et
697 1635 728 1694 in
737 1636 802 1694 loco
820 1635 944 1712 AEschyli
955 1657 989 1696 ex
1008 1638 1168 1699 Prometheo
1181 1642 1295 1705 liberato
1308 1668 1352 1727 ap,
1368 1650 1479 1730 Dionys.
1492 1656 1515 1722 I,
1528 1674 1572 1733 41.
1591 1679 1596 1712 t

659 1727 772 1791 Aritior.
785 1727 821 1785 de
830 1724 934 1785 Mirab.
949 1728 1036 1809 audit.
1050 1728 1091 1789 T.
1101 1730 1131 1787 H
1144 1731 1231 1810 Opp„
1244 1755 1271 1812 p.
1284 1756 1321 1816 72
1325 1759 1353 1819 ς.
1373 1740 1447 1802 lnrra
1459 1746 1537 1824 Alpes
1545 1761 1596 1809 tam

657 1830 687 1879 st
700 1816 872 1894 Apenninus,
888 1837 904 1875 a
918 1817 1006 1877 Celtis
1017 1818 1126 1889 diversi,
1143 1823 1298 1885 coluerunt.
1318 1849 1344 1889 v.
1366 1829 1461 1892 Strabo
1469 1836 1521 1896 iib.
1543 1838 1582 1907 Η,

545 1924 549 1931 ·
662 1920 719 1983 190
732 1907 776 1984 C„
809 1907 966 1985 Antequam
979 1921 1069 1967 autem
1081 1908 1164 1969 Italia
1184 1910 1306 1991 superior
1319 1916 1425 1979 Graecis
1437 1925 1549 2000 penitius
1558 1927 1596 1985 int

656 2009 757 2064 tuerat,
770 2014 817 2074 per
830 1996 947 2074 Ligures
957 2016 1016 2055 eam
1031 1998 1154 2061 universe
1164 2001 1300 2062 declarare
1308 2004 1438 2070 solebant.
1476 2013 1596 2075 Tenendt

657 2084 712 2143 hoc
725 2085 762 2142 est
773 2098 885 2162 propter
898 2087 983 2143 multa
995 2091 1137 2163 po'e'tarum
1157 2089 1227 2153 loca.
1267 2091 1311 2150 Ita
1325 2095 1421 2165 Circes
1431 2120 1538 2179 quoque
1551 2103 1596 2161 ini

655 2173 692 2232 &i
707 2174 824 2253 Ligures
841 2173 954 2233 referri:
982 2176 1086 2247 nemoris
1105 2179 1120 2239 ti
1137 2186 1199 2237 συῶν
1217 2186 1364 2261 [repperere
1384 2186 1464 2246 Circe
1477 2210 1519 2267 ap.
1540 2191 1596 2250 Eur

612 2315 615 2321 .
655 2262 686 2321 T
686 2265 763 2322 road.
783 2283 850 2343 437.
891 2265 985 2342 Atque
1005 2266 1074 2324 adeo
1097 2266 1221 2343 Cytaeam
1245 2271 1389 2333 Colchidis
1408 2283 1543 2351 Λιγυςικὲν
1559 2282 1594 2340 ab

655 2351 731 2412 dixit
750 2353 891 2432 Lycophr.
914 2373 999 2429 1312,
1019 2356 1091 2412 unde
1109 2376 1249 2435 perperam
1272 2362 1394 2424 Eustath.
1414 2369 1450 2427 ad
1473 2369 1579 2451 Perieg.

653 2443 791 2501 coloniam
805 2441 939 2521 Ligurum
957 2442 988 2500 in
999 2442 1162 2502 Colchidem
1181 2446 1292 2506 duitam
1304 2451 1419 2514 effinxit.
1460 2457 1557 2536 Itaque
1572 2462 1596 2520 Pi

654 2550 765 2610 qnoque
776 2532 844 2589 ostia
862 2545 890 2587 et
907 2530 1047 2589 succinum
1066 2531 1102 2588 ad
1124 2533 1239 2612 Ligures
1251 2537 1402 2601 referebant
1421 2559 1535 2618 veteres,
1562 2570 1596 2609 co

653 2620 726 2680 Ptin.
739 2620 901 2689 XXXVH,
915 2641 931 2697 3
946 2619 966 2678 s.
985 2640 1030 2689 11,
1044 2635 1072 2679 et
1084 2621 1148 2680 hinc
1159 2639 1318 2702 corruptum
1327 2650 1427 2691 nomen
1440 2636 1564 2715 Lingurii
1574 2660 1596 2699 v.

652 2710 727 2786 ²p11d
742 2710 903 2769 Strabonem
917 2709 969 2768 lib.
982 2708 1040 2779 IV,
1049 2716 1112 2789 pig·
1129 2731 1184 2786 310
1198 2713 1220 2770 Β
1232 2719 1359 2797 mastiget
1372 2721 1448 2782 Sinai
1462 2728 1493 2784 ri
1504 2732 1596 2801 tropei

652 2797 718 2875 παρ’
731 2805 815 2859 αὐτοῖς
838 2804 901 2873 (τοῖς
913 2802 1043 2874 Λίγυσιν),
1063 2805 1075 2859 ii
1089 2800 1271 2882 eruerimrqor
1281 2816 1492 2889 προσαγορεύωσι.
1536 2818 1596 2895 Ιιὶῐη

650 2887 725 2950 rium
738 2907 771 2946 ex
781 2906 824 2957 ea,
835 2908 917 2966 quam
926 2888 1004 2968 supra
1015 2889 1163 2967 posuimus,
1183 2903 1296 2968 Λιγγεΐς,
1323 2905 1553 2976 pronuntiatione
1568 2929 1596 2966 na

634 2962 760 3057 ³potnit3
780 2977 957 3037 faihrmadeo
970 2979 1143 3058 Lyngurium
1155 2996 1183 3041 et
1193 2983 1374 3060 Lyncurium,
1394 2995 1472 3068 quod
1487 3015 1596 3056 nomen

651 3066 754 3145 lapidis
767 3085 851 3144 genus
864 3067 1030 3137 transsatum,
1046 3084 1075 3129 et
1087 3084 1151 3128 nata
1161 3088 1195 3129 ex
1204 3087 1296 3150 etymo
1306 3075 1396 3134 fabula
1410 3081 1447 3139 de
1459 3099 1530 3142 nato
1548 3086 1596 3163 lap

649 3172 683 3213 ex
692 3156 803 3232 lyncum
816 3155 905 3214 urina.
936 3157 1061 3223 ,Accidit
1070 3175 1160 3218 autern
1173 3163 1280 3223 nomini
1293 3163 1442 3243 Ligurum,
1457 3187 1490 3230 ut
1504 3175 1596 3232 multi:

646 3243 718 3304 locis
731 3259 956 3323 corrumperetur.
994 3246 1037 3303 Ita
1049 3268 1095 3326 ap.
1110 3248 1241 3327 Apollod.
1250 3252 1281 3321 Ἰ,
1292 3273 1322 3337 p,
1335 3274 1371 3332 24
1384 3274 1412 3314 et
1421 3258 1465 3327 II,
1477 3283 1509 3341 ς,
1529 3284 1580 3333 10,

648 3353 678 3392 v.
692 3331 763 3401 Not,
782 3355 812 3412 p,
833 3354 902 3403 210,
920 3337 996 3413 398;
1016 3357 1099 3415 porro
1116 3359 1160 3417 ap.
1176 3341 1289 3400 Aristot.
1302 3344 1343 3403 H.
1359 3347 1395 3406 A.
1410 3349 1438 3418 I,
1455 3373 1505 3431 ις,
1522 3353 1576 3412 ubi
1593 3377 1596 3433 4

647 3422 757 3491 Reines,
781 3422 850 3482 Var.
875 3423 951 3485 Leti.
974 3446 1002 3503 p.
1023 3447 1061 3504 74
1090 3429 1204 3488 restituit
1224 3432 1373 3507 Schneider
1397 3439 1449 3499 V.-
1465 3443 1507 3501 C.
1554 3444 1596 3502 Et

645 3510 739 3587 planta
760 3508 911 3588 Ligustica,
930 3516 1071 3585 Λιγυςικὸν,
1091 3530 1195 3575 mutata
1206 3518 1236 3575 in
1257 3525 1387 3586 Λιβυςικὸν
1408 3546 1439 3586 ν.
1461 3520 1596 3592 salmas.

602 3609 606 3616 ·
646 3600 734 3665 Solin,
759 3620 788 3677 p,
816 3605 882 3679 899.
921 3601 955 3667 Iu
977 3604 1081 3661 Avieni
1103 3604 1142 3667 Ο.
1163 3608 1207 3668 Μ.
1241 3613 1295 3687 196
1309 3627 1404 3689 pernix
1426 3618 1495 3679 lucis
1515 3642 1596 3698 praec

552 3716 557 3723 ·
617 3746 620 3754 ,
639 3701 736 3770 pernix
757 3692 837 3770 Ligus
855 3691 1017 3750 emendabat
1029 3692 1162 3753 Schrader
1173 3697 1327 3760 Emendatt.
1352 3705 1444 3781 praef..
1459 3729 1494 3786 p.
1522 3709 1593 3767 XX

421 3796 426 3805 ¹
644 3772 743 3838 Latere
755 3797 863 3856 quoque
877 3771 992 3857 Ligures
1015 3782 1112 3854 Almus
1135 3783 1254 3843 arbitror
1264 3787 1293 3845 in
1313 3794 1407 3870 Lyncei
1424 3797 1557 3856 nomine
1581 3820 1596 3856 a

644 3867 787 3949 Lycophr.
820 3887 905 3944 1240,
937 3869 987 3926 ubi
1006 3870 1121 3941 AEneam
1144 3872 1248 3932 dicitur
1267 3892 1420 3958 exceptura·
1438 3887 1498 3944 effe
1521 3900 1596 3966 Tvge

644 3962 755 4030 Λυγκεύς
767 3983 795 4016 rr
807 3955 895 4036 &egiris
914 3958 1006 4037 ῥεῖθςον
1017 3965 1164 4038 ἓκβςᾶσσων
1175 3973 1267 4033 ποτῶν,
1277 3971 1331 4027 Kai
1344 3976 1439 4045 ssr'cro',
1467 3981 1596 4049 'Apim

642 4045 672 4111 ef
692 4049 828 4122 πολόῥρηιοι
849 4050 938 4106 νάπαι.
977 4049 1132 4109 Audiverat
1144 4054 1347 4118 Alexandrinus
1365 4068 1454 4140 poeta
1478 4065 1521 4123 de
1535 4069 1596 4128 ther

642 4132 761 4208 Eiristiae
782 4149 811 4203 et
835 4136 980 4230 Liguri&
1013 4141 1103 4231 estque
1118 4142 1146 4210 ti
1168 4144 1266 4213 fluvius
1291 4142 1392 4238 aliquis
1416 4154 1538 4244 Ligur,
1561 4175 1596 4219 Λ.
