3450 4964
616 356 1021 481 nonfurtum
1058 386 1142 458 ΧΗ.
1284 415 1350 487 721

323 574 430 613 rum
458 556 567 619 AEueae
584 572 613 616 et
631 560 770 621 intervalli
788 566 862 625 inter
883 569 1024 631 Lavinium
1044 593 1071 634 et
1083 581 1181 638 Albam
1200 583 1350 648 conditam,

305 644 444 730 'quod
473 647 571 704 XXX
590 667 722 705 annorum
748 654 796 716 est,
827 655 908 710 facile
928 657 1096 737 intelligitur,
1124 667 1214 725 saltem
1234 670 1269 726 ad
1290 690 1347 747 397

318 731 394 816 vel
425 736 503 807 398
527 753 616 791 annos
635 735 738 793 Albani
758 741 838 815 regni
859 741 940 813 usque
961 745 995 800 ad
1014 749 1128 807 Romam
1146 755 1282 812 conditam
1296 779 1348 814 an-

310 819 436 874 nates
454 820 636 895 procedere.
657 866 659 871 ,
677 823 711 878 sn
731 824 780 880 hos
799 844 906 901 regum·
919 833 1027 889 nomina
1046 851 1073 891 et
1084 856 1177 904 annos,
1196 862 1247 917 pro
1258 846 1347 904 lubitu

298 904 455 977 potius
477 905 576 980 quam
587 921 674 970 certa,
693 923 773 980 puto,
791 912 965 981 audioritate,
984 918 1170 993 dispertierunt
1183 927 1347 1000 scriptores:

297 1005 353 1047 ut
387 992 497 1067 apu'd
530 993 697 1065 Dionysium
720 1009 748 1050 et
771 997 919 1053 Eusebium
946 1001 1038 1059 videre
1063 1006 1136 1064 lieet.
1173 1013 1345 1081 Rotundum,
1389 1067 1394 1077 .

286 1098 432 1153 q-uem
450 1079 607 1141 dicimus,
628 1086 770 1136 numerum
790 1082 899 1138 CCCC
921 1102 1050 1144 annorum
1063 1091 1144 1149 edunt
1155 1115 1216 1153 cum
1229 1101 1275 1156 alii
1286 1119 1343 1160 turn

282 1169 462 1225 Strabo
480 1170 532 1224 V.
555 1188 586 1242 p.
609 1185 664 1242 350
676 1168 713 1221 C.
734 1172 828 1243 '‘ss-seur
848 1169 872 1226 di
896 1179 1061 1245 τετρακοσίοις
1080 1182 1154 1236 ἔτεσιν
1174 1184 1288 1260 ifogtirar
1308 1195 1342 1248 rei
1379 1195 1381 1199 ¹

275 1255 386 1329 πεξῖ
408 1257 575 1322 Ἀμέλιον
595 1264 649 1307 etc.
769 1312 771 1325 ,

350 1343 459 1413 Qa
476 1340 595 1413 itaque
611 1337 770 1395 ausloritate
783 1338 936 1416 Virgilium
949 1340 1092 1402 adduttum
1105 1349 1222 1411 dicemus
1232 1359 1284 1417 hoc
1296 1363 1343 1419 sibi

268 1426 490 1489 sumsisse,
519 1439 555 1479 ut
570 1440 700 1479 annorum
724 1443 864 1481 numerum
884 1433 1021 1484 mutaret?
1057 1429 1179 1492 Proclive
1191 1442 1228 1495 est
1240 1444 1342 1511 dicere,

263 1530 387 1570 eum
411 1511 488 1568 fibi
511 1512 663 1584 tamquam
677 1512 764 1581 poeitae
784 1512 836 1567 hoc
856 1511 942 1566 licere
960 1515 1069 1584 putasse.
1109 1519 1159 1576 Sed
1180 1523 1283 1585 doslior
1303 1538 1341 1592 esi

258 1603 421 1678 Ροὲῑα
456 1593 640 1668 Virgilius,
660 1613 741 1668 quam
765 1610 794 1651 ut
807 1596 860 1651 fine
869 1594 981 1675 ‚ratione
994 1599 1139 1675 quicquam
1153 1609 1278 1672 adversus
1292 1638 1343 1675 no.

256 1690 407 1750 tiffim
413 1704 485 1741 am
503 1682 688 1753 historiarum
702 1683 781 1739 fidem
793 1685 901 1739 novasse
914 1697 960 1739 aut
973 1685 1006 1741 ab
1018 1689 1093 1745 omni
1106 1694 1209 1753 ratione
1217 1706 1343 1763 recessisse

255 1771 431 1833 videri
465 1769 606 1825 debeat.
646 1767 735 1824 Potuit
756 1769 858 1827 scilicet
872 1769 947 1824 aliud
963 1772 1084 1845 computi
1096 1797 1260 1843 momentum
1277 1809 1344 1846 con-

255 1864 343 1922 stit
349 1877 476 1921 uere,
509 1870 547 1910 ut
559 1853 636 1910 intra
645 1854 754 1911 Romuli
767 1870 796 1911 et
809 1855 892 1911 Remi
904 1858 1004 1914 natales
1017 1859 1176 1923 substiteret:
1205 1872 1256 1928 Hic
1264 1879 1342 1950 jam,

257 1945 447 2022 inquit,
467 1956 632 1999 tercentum
643 1955 701 1996 totos
713 1941 865 2017 regnabitur
877 1954 953 1998 annos
966 1945 1098 2021 Gentesub
1106 1952 1246 2017 Hellorea:
1266 1965 1345 2019 donec
1375 2022 1383 2031 ,
1462 1950 1474 1959 x

248 2039 425 2109 regina
446 2028 605 2104 sacerdos
618 2021 704 2082 Marte
717 2035 817 2101 gravis
832 2026 958 2103 germiram
972 2047 1052 2104 parta
1065 2034 1137 2099 dabit
1148 2039 1202 2095 Ilia
1216 2046 1336 2116 prolem:

251 2125 379 2180 Inde
412 2131 500 2172 ete.
557 2112 702 2170 Subduslis
717 2116 771 2172 XX
783 2117 829 2172 vel
844 2117 927 2172 XXX
944 2120 1030 2182 annis,
1054 2120 1149 2194 quibus
1162 2127 1343 2190 adoleverant

253 2205 491 2268 Romam
523 2213 559 2254 et
585 2200 697 2264 Remus,
716 2219 865 2277 antequam
886 2203 1001 2260 Romam
1021 2206 1178 2273 conderent,
1203 2217 1339 2293 reliquum
1363 2270 1367 2273 -

255 2302 530 2354 numerum,
565 2300 596 2339 ut
611 2289 702 2359 posta,
725 2292 808 2347 crasse
827 2289 957 2345 indicasse
980 2291 1066 2347 videri
1086 2298 1179 2365 potest.
1217 2302 1343 2367 Videtur

256 2381 414 2440 etiam
440 2375 609 2448 sequutus
620 2374 669 2429 esse
682 2393 810 2434 arcanum
820 2376 889 2452 quid
902 2392 930 2432 et
943 2378 1012 2451 Jove
1025 2379 1189 2440 vaticinante
1208 2378 1340 2467 dignum,
1365 2446 1376 2453 e

255 2482 316 2527 ut
345 2465 478 2522 sacro
499 2476 630 2514 numero
648 2463 826 2534 procederent
841 2463 952 2519 omnia:
979 2486 1005 2539 3·
1022 2483 1068 2539 30·
1083 2484 1155 2536 3003
1175 2492 1237 2532 flam
1255 2471 1340 2538 tertio

260 2570 392 2613 anno
415 2548 565 2604 AEneas
584 2543 653 2601 inter
665 2547 762 2606 heroes
775 2551 914 2624 indigetes
927 2565 1061 2626 receptus,
1081 2553 1216 2628 trigesimo
1226 2553 1341 2627 condita

265 2640 415 2703 Alba,
448 2632 512 2688 ibi
527 2646 585 2704 pel·
598 2644 730 2691 trecentos
745 2654 829 2693 annos
841 2652 1005 2710 regnatum:
1026 2657 1087 2711 quae
1100 2640 1208 2714 Spencii
1221 2671 1272 2707 non
1291 2653 1340 2709 in-

260 2709 457 2800 elegans
485 2718 538 2773 est
560 2717 713 2778 observatio
732 2724 760 2780 in
780 2723 983 2781 Holdesworthi
1002 2725 1067 2780 obss.
1090 2746 1154 2802 pag.
1177 2752 1239 2812 ²¹5·
1281 2742 1338 2801 sed
1387 2766 1392 2770 ’

267 2805 596 2886 fimpliciffimum
609 2804 643 2858 est
664 2806 765 2873 dicere,
792 2811 870 2867 suisse
884 2810 948 2864 olim
961 2812 1093 2874 auderes,
1112 2815 1193 2889 inque
1206 2841 1250 2878 eos
1268 2826 1337 2882 Vir.

269 2899 438 2979 gilium
458 2887 621 2953 incidisse,
641 2893 687 2965 qui
706 2895 881 2953 intervallum
896 2895 961 2951 illud
975 2909 1124 2970 temporum
1137 2903 1259 2977 usquead
1279 2913 1339 2966 Ro-

273 3003 399 3048 mam
431 2974 610 3033 conditam
623 2978 767 3036 artioribus
784 2981 880 3036 finibus
902 2979 1090 3035 includerent:
1123 2989 1193 3058 quod
1212 2992 1239 3047 in
1258 3008 1336 3059 tanta

274 3075 528 3145 tempos-um
545 3059 732 3137 antiquiorum
745 3066 863 3140 caligine
880 3079 909 3121 et
924 3064 1078 3120 dirlicultate
1090 3067 1186 3128 fassum
1201 3079 1267 3134 adeo
1279 3082 1335 3139 im.
1407 3133 1413 3138 .
1445 3094 1466 3105 ²

277 3150 509 3237 probabile
541 3163 599 3201 non
619 3148 659 3211 fit,
678 3168 741 3209 cum
761 3152 846 3208 etiam
867 3152 994 3223 Trogum
1015 3150 1124 3208 similem
1146 3163 1335 3229 ausloritatem

279 3249 506 3317 sequutum
527 3231 585 3287 esse
598 3250 632 3295 ex
648 3234 749 3306 Justino
761 3237 942 3311 intelligatur.

285 3348 292 3359 ·
344 3330 553 3385 Caeterum
577 3317 605 3372 in
625 3319 677 3383 his,
697 3341 757 3395 quae
778 3343 795 3378 a
816 3325 893 3379 noble
915 3323 1031 3393 exposita
1044 3325 1113 3387 sunt,
1132 3345 1193 3385 curn
1212 3351 1335 3395 comme.

290 3423 504 3478 morentur
534 3405 677 3468 nonnulla,
699 3427 757 3480 quae
778 3411 807 3465 in
827 3408 923 3484 primis
947 3410 1030 3464 statim
1048 3411 1122 3466 Livii
1142 3418 1185 3472 vel
1208 3421 1343 3499 Dionysii,

294 3501 402 3563 foliis
418 3505 620 3552 occurrunt,
633 3505 710 3547 erunt
723 3495 805 3558 sorte,
819 3497 866 3569 qui
878 3509 956 3549 acute
966 3496 1010 3550 srbi
1024 3496 1169 3556 observasse
1178 3505 1332 3579 videantur,

300 3581 469 3648 mesatis
486 3576 569 3631 trita
578 3574 766 3649 persequutum
782 3584 846 3646 else„
883 3584 982 3637 Verum
996 3582 1024 3637 in
1037 3597 1092 3640 toto
1102 3585 1152 3642 hoc
1165 3609 1263 3663 genere
1276 3617 1331 3659 non

305 3673 442 3733 refert,
471 3659 558 3735 quid
581 3659 627 3714 alii
640 3661 769 3730 dixerint,
784 3667 826 3724 sed
841 3666 909 3747 quid
923 3685 991 3722 nune
1006 3686 1022 3722 a
1037 3685 1063 3725 te
1075 3671 1215 3730 dicendum
1230 3680 1331 3753 suerit3
1356 3693 1358 3697 ’

218 3777 224 3779 *
309 3777 391 3820 tum
410 3767 507 3808 vero
535 3744 609 3801 illud
631 3745 767 3820 inprimis,
778 3751 980 3815 attendendum,
1008 3772 1070 3811 num
1094 3757 1140 3812 alii
1161 3761 1263 3820 easdem
1288 3790 1331 3831 res

314 3844 447 3904 eodem
461 3826 606 3905 judicio,
619 3831 719 3888 eodem
728 3837 848 3898 consilio,
861 3836 955 3892 eadem
966 3844 1030 3895 cu‘ra
1047 3861 1078 3899 ac
1094 3843 1235 3918 diligentia
1248 3871 1330 3930 expo.
1367 3851 1370 3858 '
1390 3879 1397 3883 ·

316 3924 466 3993 fuerint·
519 3910 698 3972 Dieiaurem
713 3919 760 3976 vix
772 3922 870 3995 potest,
888 3940 968 3992 quam
982 3943 1077 3998 parum
1086 3928 1191 4002 judicio
1211 3934 1257 3993 suo
1277 3947 1329 4001 tri.

371 4010 409 4064 T
414 4023 491 4060 ont.
519 3997 579 4051 111.
721 4024 723 4038 ·
881 4006 936 4066 Zz
1026 4080 1034 4099 l
1251 4024 1333 4095 buef'e
