3608 4914
439 412 515 493 ιιι
664 388 1227 482 excussantuu'

445 587 516 649 cher
524 587 557 649 in·
567 588 650 647 Mem.
661 590 692 649 dr
705 585 813 648 l’Acad.
839 586 883 643 der
901 582 986 660 Inscr.
1009 582 1098 644 Tom.
1112 585 1227 647 XXXV
1246 605 1291 667 pr.
1331 585 1442 651 Firma·
1487 612 1488 615 ¹

445 693 477 738 ta
488 681 526 740 est
539 698 573 738 ea
585 678 680 758 opinio
694 696 722 736 et
731 678 759 735 in
772 672 900 734 habitum
921 671 1009 734 animi
1031 673 1151 735 dedulla
1163 697 1214 757 pcr
1227 678 1305 758 figna
1322 678 1439 753 deorum

377 818 391 853 ἱ
443 770 555 836 insani,
569 765 825 834 etfacellisobqia3
845 782 964 842 cumque
987 763 1024 822 ab
1048 765 1147 824 eadem
1168 767 1300 846 opinione
1326 769 1437 829 suorum

444 878 567 938 operum
589 873 740 938 protypom
766 874 812 914 ars
839 855 997 934 accepisset,
1018 873 1141 934 moxque
1162 855 1243 916 dolie
1265 859 1438 924 elaborasset,

445 947 567 1008 deorum
588 947 692 1028 species
706 945 743 1005 ad
755 944 868 1004 summae
881 943 996 1020 alicujus
1020 942 1236 1020 pulchritudinis¹
1260 947 1379 1028 speciem
1399 950 1438 1010 est

444 1037 621 1102 adumbrata,
631 1053 710 1095 certo
722 1034 810 1093 atatis
819 1045 849 1093 et
857 1031 1023 1093 cbaralleris
1034 1032 1195 1093 discrimine
1208 1036 1329 1096 variata.
1369 1039 1438 1098 Pro·

319 1193 322 1203 ,
446 1126 569 1191 secere
561 1141 669 1186 iterum
685 1145 721 1185 ex
735 1123 802 1184 artis
828 1124 954 1203 professu
973 1125 1074 1199 po'e'tae,
1093 1123 1135 1182 ita
1161 1143 1190 1184 v.
1211 1145 1239 1185 c.
1260 1126 1408 1206 Apollini
1409 1142 1439 1188 et

446 1220 560 1281 Baccho
567 1216 698 1296 promissa
710 1234 803 1280 coma
825 1214 891 1294 jovi
900 1233 957 1273 ons
968 1213 1106 1290 majestas
1125 1215 1201 1275 etlic
1214 1218 1371 1296 porroaliis
1384 1218 1437 1280 diis
1504 1274 1509 1281 .

447 1307 515 1375 clia,
533 1326 584 1384 per
595 1324 691 1367 omnes
702 1318 799 1363 aetates
808 1303 983 1363 constarent
976 1317 1051 1364 mter
1060 1297 1162 1385 po'e'tirs
1174 1326 1253 1383 aeque
1266 1321 1294 1366 et
1308 1308 1438 1369 artifices.

446 1396 487 1458 cs.
497 1394 773 1457 Commentationent
782 1395 941 1477 deformis
929 1396 1029 1453 deorum
1050 1396 1166 1456 Graect'ae
1178 1419 1312 1479 earumque
1324 1405 1439 1459 auetori-

446 1488 494 1567 but
502 1487 562 1547 To.
575 1486 648 1545 VIII
658 1486 864 1546 Commentatt.
878 1470 942 1543 Soc.¹
956 1481 1088 1562 Gotting.
1130 1485 1199 1563 Ilaec
1211 1480 1304 1547 omlis
1313 1508 1377 1547 cum
1388 1509 1436 1550 ac·

446 1576 579 1654 cepissent
591 1577 693 1653 poitae,
712 1573 814 1651 quibus
823 1572 894 1634 nihil
906 1570 1064 1652 exoptatius
1071 1570 1124 1632 ese
1135 1588 1256 1652 poterat,
1275 1595 1360 1654 qnam
1373 1577 1437 1656 spe.

446 1664 506 1726 cies
519 1665 636 1725 deorum
661 1664 797 1730 humana,
816 1661 891 1721 vires
909 1661 1036 1741 corporis
1063 1662 1196 1737 majores,
1215 1678 1305 1727 motus
1326 1667 1440 1734 celerfi.

447 1772 522 1821 mus,
543 1754 634 1814 forma
640 1750 698 1815 oris
711 1750 910 1832 pulcherrima,
929 1750 964 1810 iis
977 1749 1018 1810 illi
1030 1750 1071 1809 ita
1084 1752 1122 1815 ub
1131 1751 1202 1822 sunt,
1222 1755 1355 1831 oteafibi
1367 1770 1438 1823 tarn·

447 1863 534 1925 quam
553 1843 667 1922 propria
681 1841 816 1908 Iacerent,
834 1839 963 1919 inprimis
980 1839 1009 1899 in
1022 1841 1097 1915 poist
1110 1842 1201 1922 epIca,
1222 1859 1307 1923 utque
1319 1846 1349 1905 in
1361 1848 1437 1928 usum

446 1934 590 2013 po'e'ticum
602 1930 768 2013 perpetuum
791 1931 983 1997 transferrent,
1002 1930 1129 2009 inprimis
1149 1933 1198 1997 ubi
1210 1932 1245 1992 iis
1259 1935 1380 2016 vestigiis
1392 1937 1437 1999 in·

448 2022 585 2090 sistebant,
605 2038 636 2084 ut
658 2021 775 2082 deorum
797 2018 954 2080 m'misteriis
979 2019 1111 2099 pleraque
1135 2022 1367 2105 exsequerentur:
1397 2028 1435 2093 cf.

438 2112 570 2216 'Disquis
583 2113 645 2174 Ide
658 2113 786 2173 cannino
796 2111 892 2192 epico.
934 2111 1037 2195 Neque
1048 2131 1115 2175 vero
1127 2132 1162 2173 ea
1181 2114 1278 2192 opinio
1290 2116 1441 2203 praesentia

420 2228 422 2237 ¹
448 2203 649 2265 numinisinter
660 2202 724 2263 istos
736 2202 851 2280 quidem
868 2204 986 2287 populos
999 2202 1059 2262 tolli
1072 2203 1174 2281 potuit,
1194 2204 1292 2273 nisiex
1304 2227 1359 2286 quo
1372 2208 1438 2308 phi·

448 2293 623 2372 losophorum
637 2273 763 2353 sobiilior
785 2289 945 2370 disputatio,
964 2306 994 2351 et
1005 2291 1157 2352 sanclorurn
1171 2308 1269 2354 vatum
1281 2297 1439 2365 accuratior

450 2383 588 2454 annana,
606 2383 643 2443 ab
656 2383 733 2445 omni
741 2398 860 2462 corpore
870 2380 1030 2489 segregavit
1042 2380 1169 2443 divinam
1182 2398 1318 2450 naturam.

754 2583 780 2641 E
795 2583 822 2644 X
837 2583 861 2642 C
875 2582 945 2643 UR
960 2584 978 2643 S
991 2584 1021 2646 U
1035 2585 1055 2644 S
1083 2587 1127 2648 ΙΙ.

659 2689 716 2762 De
727 2691 828 2786 irfiala
842 2691 984 2764 Inarime
998 2707 1030 2766 et
1045 2695 1084 2765 de
1099 2693 1235 2767 Arimis.
1249 2692 1252 2701 ’

485 2840 620 2922 IX,715·
632 2841 690 2922 716
710 2840 776 2903 Tum
778 2847 868 2921 sonitu
887 2845 1016 2921 Prochyta
1039 2844 1099 2906 alta
1101 2851 1211 2925 fremit,
1233 2847 1373 2925 datumque
1394 2868 1438 2909 trt-

448 2928 499 2990 bile
511 2933 627 2992 Inarime
640 2933 726 3010 Jovit
738 2940 852 3012 imperiis
860 2939 964 3012 imposta
974 2932 1099 3015 Typhi'ta.
1143 2934 1439 2998 Promontorio‘Cam·

447 3021 539 3100 paniae
559 3021 670 3084 Miseno
687 3022 802 3100 objettae
815 3023 876 3084 sunt
894 3024 988 3101 insulae
1007 3025 1135 3101 Prochyta
1158 3029 1246 3101 (nunc
1261 3025 1394 3098 Pratida)
1408 3035 1438 3087 et

446 3110 535 3173 altera
547 3112 641 3191 paullo
653 3110 755 3188 brajor,
773 3113 909 3191 Pithecusa
927 3112 1100 3172 seuAEnaria
1123 3117 1210 3192 (nunc
1225 3113 1345 3188 Iscbia).
1384 3113 1437 3176 Pi·

388 3184 401 3213 ⁰
445 3203 552 3278 thecrffae
565 3203 624 3262 sere
631 3201 734 3282 plurali
743 3222 859 3262 numero
866 3203 961 3262 efferri
973 3204 1068 3270 solent,
1088 3203 1133 3262 seu
1146 3203 1278 3283 quoniam
1294 3202 1438 3281 Prochyta

446 3293 497 3355 sub
506 3294 607 3354 eodem
617 3294 729 3354 nomine
741 3293 794 3354 suit
803 3293 1013 3373 comprehensa,
1033 3293 1080 3352 seu
1093 3294 1168 3373 quod
1185 3295 1277 3377 plures
1288 3293 1439 3372 aliquando

446 3389 535 3449 suere.
576 3390 647 3448 Sunt
660 3389 735 3449 enirn
749 3390 885 3456 austures,
905 3386 955 3469 qui
968 3388 1127 3448 Pithecusas
1148 3389 1184 3447 ab
1197 3387 1313 3446 AEnaria
1331 3386 1436 3447 discer-

446 3491 523 3538 nant.
565 3481 681 3540 Elleeas
692 3496 786 3558 partes
800 3481 965 3539 continentis
979 3478 1098 3544 avulsas,
1119 3480 1281 3538 etconstans
1295 3477 1372 3537 sama
1384 3478 1437 3540 ob·

445 3566 529 3648 tinuit
547 3569 620 3646 (vid.
635 3570 753 3629 Cluver.
767 3570 833 3629 Ital.
848 3572 917 3629 Ant.
932 3571 989 3641 IV,
1010 3569 1043 3647 4)
1075 3585 1104 3628 et
1125 3569 1186 3647 ipsa
1198 3590 1242 3628 res
1255 3570 1436 3655 locorumque

442 3658 529 3723 facies
539 3658 686 3738 probabile
699 3658 766 3719 facit
778 3681 787 3728 ;
808 3659 990 3721 subterraneis
1001 3657 1075 3717 enim
1089 3658 1199 3738 ignibus
1211 3659 1284 3738 saepe
1298 3659 1433 3725 Pithecu-

444 3751 478 3815 ιω
491 3751 660 3813 exarserunt.
679 3750 739 3810 vid.
753 3750 879 3831 inprimis
899 3750 1031 3810 Strabon.
1046 3753 1086 3821 V,
1106 3772 1136 3830 p
1151 3754 1244 3833 379s.
1264 3753 1333 3834 sqqq
1361 3753 1435 3820 Plin.

365 3862 367 3867 ·
444 3842 488 3910 11,
504 3847 552 3904 88.
573 3843 682 3903 Mirab.
696 3842 775 3902 Aud.
786 3842 835 3921 36.
865 3842 941 3901 conf.
953 3844 1040 3900 Wern
1041 3841 1124 3902 dors
1139 3844 1180 3903 V
1195 3845 1232 3911 C.
1247 3844 1320 3909 Exc.
1336 3842 1434 3909 IIIad

445 3933 559 3994 AEtnam
571 3935 660 3993 Torn.
669 3932 724 4000 IV,
736 3952 768 4012 p.
780 3951 837 4012 354
848 3931 910 4011 sqq.
949 3933 1023 3996 Cum
1037 3946 1132 3997 autern
1145 3935 1248 3993 veteris
1261 3933 1393 4001 sermonis
1406 3948 1436 4003 et

443 4021 678 4099 phantasmatum,
697 4021 832 4103 quamde
843 4027 934 4102 po'e'te
948 4023 1130 4103 susceperant,
1150 4041 1223 4091 rano
1232 4042 1273 4085 tta
1282 4023 1382 4093 ferret
1402 4010 1435 4086 tit

444 4126 580 4172 terrarum
592 4129 683 4174 motus
696 4132 724 4174 et
737 4113 846 4192 ignium
865 4115 1104 4175 subterraneorum
1125 4115 1296 4195 explosrones
1308 4113 1434 4196 giganti

443 4200 494 4265 bos
510 4216 590 4266 terrae
599 4204 707 4267 inclusus
720 4205 892 4275 tribuerent·
915 4205 994 4289 quod
1004 4220 1067 4272 tuto
1077 4202 1177 4286 ptimo
1182 4204 1315 4270 narrasset
1323 4204 1359 4264 de
1363 4205 1439 4354 ἶ]

463 4319 478 4339 .-
1342 4313 1362 4378 p
1382 4306 1439 4361 oen·
