3966 4920
620 308 705 446 nn
743 360 1014 439 LIBRUM
1052 357 1134 433 Vli.
1278 376 1345 455 ¹i'l

462 567 530 627 Intra
542 568 798 644 Anrrgrnmssrrpm
805 564 910 637 poetam
920 555 992 617 Latii
1006 573 1045 613 res
1058 553 1194 615 continere
1215 568 1243 613 et
1259 553 1350 613 inclu-

426 656 485 715 dere
501 657 579 716 modo
598 654 722 714 diximus.
766 649 821 728 Qi
836 646 877 705 iili
893 643 1001 711 fuerint,
1035 643 1141 722 quaestio
1157 644 1193 701 eli
1208 642 1277 701 inter
1295 659 1351 698 ve·

428 756 536 802 tereret
558 741 711 802 recentiores
734 737 812 796 ratiis
833 734 916 792 modis
938 733 1048 811 agitata·
1088 734 1220 790 Ponemus
1239 730 1284 788 hic
1302 747 1355 793 ea,

428 849 496 906 quae,
514 832 568 908 poll
579 828 728 907 diligentem
739 826 767 883 in
776 824 817 893 his
829 823 907 881 rebus
917 821 970 880 alio
984 822 1044 881 loco
1057 822 1215 879 collocatam
1223 835 1369 896 operarum·

427 938 462 978 ex
473 922 570 980 carens
581 921 692 979 maxime
703 919 776 977 nobis
799 918 824 975 le
844 917 999 994 probarunt,
1019 935 1104 993 eaque
1121 914 1180 972 aliis
1198 910 1361 971 rationibus

306 1054 307 1079 r
426 1008 621 1078 illustrabimus3
645 1022 769 1086 quantum
783 1006 889 1085 quidem
901 1004 937 1064 ad
949 1005 1053 1064 doilam
1065 1011 1152 1084 poeta
1160 999 1362 1083 interpretatis

306 1148 307 1167 r
428 1101 630 1160 ouemsatiselle
641 1099 779 1159 videbitur.

466 1191 547 1248 Fuere
561 1189 703 1266 Aborigines
725 1210 759 1247 ex
780 1187 960 1266 antiquiiiimis
976 1185 1075 1246 veteris
1088 1184 1175 1245 Italia
1186 1183 1366 1245 habitatori.

432 1278 488 1343 bus,
507 1277 549 1335 sed
564 1281 617 1354 post
631 1276 730 1336 Umbros
748 1291 775 1335 et
794 1277 891 1341 Siculos.
929 1280 997 1356 Qae
1014 1276 1047 1333 de
1064 1294 1157 1334 eorum
1169 1275 1275 1354 origine
1287 1277 1376 1333 vul-1

434 1387 468 1446 go
484 1368 575 1427 tradita
592 1368 716 1445 legimus,
741 1389 773 1426 ex
792 1368 906 1427 nominis
926 1369 982 1427 lere
1004 1369 1094 1426 caulis
1115 1386 1211 1445 parum
1233 1366 1368 1426 feliciter

434 1460 512 1541 petita
521 1459 585 1518 sunt.
623 1458 696 1517 Mihi
704 1478 767 1517 vero
779 1479 813 1517 ne
824 1459 851 1516 id
864 1459 973 1537 quidem
984 1459 1086 1537 liquere
1099 1457 1219 1524 ridetur,
1232 1476 1266 1515 an
1278 1459 1368 1516 anti-

433 1566 510 1624 quum
523 1566 610 1605 eorum
621 1564 716 1604 nornen
728 1547 791 1605 iliud
803 1547 892 1606 fuerit.
931 1551 958 1607 Α
979 1547 1134 1615 semoribus,
1159 1546 1207 1625 qui
1226 1546 1368 1624 antiquas

434 1656 473 1696 res
492 1635 612 1693 memoria
623 1636 667 1693 rel
683 1634 828 1695 litterarum
845 1637 1022 1695 monumentis
1035 1648 1200 1714 repeterent,
1211 1633 1370 1695 inventum

307 1712 308 1723 ¹
432 1718 523 1797 pomen
535 1739 607 1801 puto,
619 1738 648 1781 ut
659 1724 757 1799 primos
768 1725 839 1783 Latii
852 1742 878 1783 et
889 1726 1009 1784 locorum
1019 1726 1093 1784 eirca
1100 1722 1226 1782 Tiberim
1236 1721 1270 1780 ad
1281 1743 1374 1784 mare

431 1825 610 1901 properantem
634 1813 747 1871 cultores
765 1813 941 1891 delignarent‚
962 1830 1101 1890 tamquam
1124 1811 1291 1888 adfligimur,
1315 1832 1382 1874 re„⁸

430 1906 512 1984 speetu
522 1900 557 1959 ad
569 1901 681 1959 advenas
691 1899 791 1966 habito,
811 1901 857 1979 qni
874 1902 998 1977 deinceps
1011 1903 1040 1959 in
1052 1901 1148 1959 eadem
1160 1902 1221 1959 loca
1234 1905 1376 1964 condux.

428 2007 509 2055 erant.
549 1989 718 2049 Oblituerunt
740 1991 852 2068 posthaec
873 1991 1036 2069 Aborigines
1055 1991 1102 2049 sub
1126 1989 1286 2050 Latinorum
1312 2015 1378 2054 no·

427 2084 506 2151 mine,
528 2077 598 2156 quod
613 2079 726 2156 primum
734 2093 838 2156 partem
847 2093 950 2137 tantum
963 2079 1066 2157 populi,
1091 2078 1137 2156 qui
1147 2078 1195 2137 sub
1207 2099 1273 2157 rege
1291 2101 1378 2152 erat,

426 2166 582 2250 deignali'e‚
601 2186 660 2232 nec,
684 2167 731 2224 nili
752 2165 916 2225 Albanorum
937 2187 1032 2244 regum
1050 2160 1230 2226 'crescentibus
1251 2170 1378 2247 opibus,

425 2263 501 2321 latius
516 2268 609 2334 patere
618 2255 721 2334 coepisse
733 2255 849 2314 videtur.
887 2255 1021 2335 Virgilius
1034 2271 1136 2336 tamen,
1150 2272 1180 2314 ut
1192 2259 1285 2334 po'e‘ta,
1307 2260 1379 2335 jam

424 2353 518 2413 AEueae
536 2357 657 2421 tempora
673 2343 782 2402 Latium
802 2360 830 2401 et
847 2343 959 2404 Latinos
976 2363 1010 2402 ex
1031 2343 1198 2425 sequentium
1211 2359 1384 2422 temporum·

308 2436 309 2443 ἵ
423 2433 581 2501 conditione
591 2431 712 2493 estimare
724 2432 821 2512 potuit.

453 2517 653 2598 Antiquiorum
665 2521 810 2585 audmrum,
822 2532 900 2598 *quos
910 2520 1057 2596 Dionysius
1066 2520 1214 2599 exscriplit,
1234 2521 1286 2581 ide
1301 2545 1380 2585 con..

420 2622 475 2684 lat,
507 2608 671 2686 Aboriginum
688 2607 823 2676 memorie
847 2625 875 2668 et
899 2608 1014 2667 nominis
1042 2615 1125 2686 prima
1150 2615 1263 2688 vestigia
1296 2613 1385 2677 circa

420 2710 518 2766 Reate,
534 2698 605 2756 ultra
616 2698 741 2756 Velinum
753 2700 841 2756 lacum
854 2715 881 2757 er
900 2696 1023 2763 fluvium,
1048 2697 1078 2753 in
1090 2696 1204 2757 Umbris
1217 2718 1380 2763 occurrere.

420 2799 460 2856 lix
473 2792 520 2850 his
530 2789 607 2846 locus
619 2788 704 2844 versus
716 2807 789 2845 mars
802 2789 892 2849 vicina
901 2806 1016 2866 queque
1029 2786 1156 2865 deinceps
1170 2806 1326 2859 tenuerant,
1347 2808 1380 2853 et

418 2884 440 2942 in
453 2876 560 2940 iisdem
570 2872 634 2931 locis
647 2876 720 2950 plura
732 2876 793 2933 loca
809 2896 902 2938 eorum
915 2875 1075 2937 memoriam
1092 2877 1234 2937 servabant
1247 2879 1383 2956 Dionysri

419 2971 508 3031 adhuc
522 2978 659 3037 tempore,
677 2983 756 3041 quern
768 2962 830 3021 vide
841 2966 891 3026 lib.
912 2966 939 3031 1,
953 2984 980 3024 c.
999 2983 1117 3041 14-17.
1136 2972 1168 3026 18
1187 2967 1384 3029 cumillulira.

420 3056 542 3120 tionibus
557 3050 685 3116 locorum,
702 3070 768 3128 quas
785 3051 860 3111 dedit
879 3055 939 3130 Cap
952 3053 1056 3108 Martis
1068 3054 1097 3109 de
1108 3056 1213 3131 Chaupr
1229 3054 1271 3129 (in
1281 3057 1384 3114 Derou-

420 3159 496 3204 verte
516 3136 601 3196 dela
621 3137 716 3214 Marson
733 3140 763 3196 d’
779 3140 876 3198 Horace
895 3143 982 3200 Turn.
1006 3138 1062 3202 ΙΙΙ,
1084 3159 1115 3215 p.
1143 3141 1297 3219 rraqu.).
1336 3143 1386 3205 Ur

420 3236 489 3293 adeo
502 3223 685 3300 Aboriginum
693 3245 790 3284 nomen
802 3227 838 3284 ad
851 3246 935 3287 unum
948 3224 1066 3301 aliquem
1076 3246 1133 3288 non
1144 3229 1224 3287 valde
1236 3243 1386 3306 potentem

419 3335 464 3382 aut
472 3320 536 3376 late
545 3311 709 3372 habitantem
718 3315 849 3392 populum
862 3315 987 3396 speelasle
997 3315 1099 3373 neceile
1110 3317 1151 3376 stt.

453 3408 580 3489 Mature
599 3416 659 3468 curn
680 3400 801 3472 barbaris
819 3403 872 3462 illis
894 3400 1049 3482 promiscue
1070 3403 1226 3464 habitarunt
1247 3406 1391 3486 Pelasgia

421 3510 527 3556 terram
536 3507 557 3545 a
566 3486 668 3563 populis
676 3509 725 3565 per
737 3488 890 3550 solitudines
899 3489 1051 3550 errantibus
1059 3491 1129 3548 male
1139 3493 1291 3553 habitatam
1301 3495 1397 3553 facile

421 3584 598 3655 occuparunt
610 3572 725 3643 advena,
734 3590 765 3632 ut
774 3579 868 3636 nostris
879 3576 1004 3637 aetatibus
1016 3577 1183 3637 Americarn.
1217 3579 1320 3655 Pelasgi
1329 3596 1401 3653 qua

424 3668 537 3747 urigine
552 3659 660 3728 fuerint,
680 3665 800 3724 nondum
820 3667 966 3744 quicquam
979 3666 1041 3724 satis
1054 3668 1189 3743 explorati
1201 3668 1302 3726 habeo.
1342 3667 1406 3728 Ex
1445 3668 1449 3679 '

427 3751 563 3818 Thracia
573 3749 753 3825 quidenloeis
767 3755 850 3813 cosin
861 3756 999 3815 Graeciam
1017 3755 1177 3815 descendilie
1196 3756 1259 3813 satis
1276 3753 1369 3828 liquet
1389 3772 1408 3829 g

311 3858 313 3919 ζ
431 3848 520 3922 liquet
539 3836 621 3895 etiam
635 3840 704 3904 hoc:
740 3862 757 3899 a
783 3843 953 3903 Phoenicibus
969 3864 1015 3902 eos
1036 3843 1155 3913 habuiiie
1171 3843 1279 3899 litteras
1289 3860 1298 3905 ς
1318 3843 1411 3906 unde

311 3976 314 4053 l

437 3946 530 3989 tamen
538 3942 676 4005 perperam
689 3929 837 4009 colligitur,
850 3950 896 3989 eos
907 3932 1050 3991 Phoenicia
1060 3928 1169 4003 origine
1177 3941 1206 3982 et
1215 3926 1286 4002 ipsos
1295 3923 1379 3988 fuitre
1394 3957 1409 3996 t

440 4018 495 4085 line
505 4014 575 4070 inter
583 4016 693 4079 certiora
706 4019 807 4083 refero,
832 4019 1011 4095 antiquillimo
1034 4017 1094 4091 lam
1116 4026 1241 4086 tempore
1263 4012 1413 4092 Pelasgo,

445 4120 506 4180 pum
521 4095 707 4177 Aboriginibus
725 4104 801 4165 fuine
820 4107 989 4180 permixtos:
1017 4101 1048 4185 id
1066 4096 1140 4174 quod
1160 4096 1326 4243 Dionystutp
1344 4105 1410 4202 ario

1326 4206 1410 4269 uxtt,
