3782 4894
621 356 693 456 478
766 349 809 429 P.
850 339 1147 428 VIRGILII
1186 338 1499 432 MARUNIS

571 558 575 567 ’
622 549 797 627 Exercere
812 539 934 613 diemt
957 540 1016 612 Sic
1028 537 1179 615 obrutds
1195 544 1362 642 undique
1378 545 1474 625 telis

625 685 758 762 AEneas
774 673 908 752 nubem
926 675 1025 762 belli,
1049 678 1140 751 dum
1155 678 1312 772 detonet,
1338 692 1499 755 onlnem

624 828 791 909 Sustinet,
800 839 836 897 et
849 816 1006 892 Lausum
1022 817 1225 915 increpitat,
1236 821 1437 918 Lausoque
1450 844 1499 894 m

626 965 716 1063 Qo
728 958 900 1032 moriture
915 955 1000 1042 ruis,
1011 954 1217 1053 majoraque
1229 956 1368 1029 viribus
1383 958 1499 1030 audes

626 1087 733 1176 Fallit
748 1112 784 1166 te
796 1092 981 1166 incautum
998 1093 1114 1188 pietas
1130 1110 1203 1191 tua.
1254 1092 1334 1167 Nec
1353 1095 1499 1167 minus*

627 1231 792 1311 Exsultat
807 1226 974 1311 demens;
1001 1208 1262 1326 saevaejamque'
1279 1231 1390 1305 altius
1405 1232 1475 1306 irae

627 1365 813 1463 Dardanio
828 1364 975 1461 surgunt
987 1363 1138 1452 dudlori,
1163 1376 1395 1461 extremaque
1406 1358 1499 1451 ‘Lan

629 1505 754 1579 Parcae
773 1502 834 1574 fila
849 1502 993 1599 legunt:
1020 1499 1179 1573 validum
1194 1522 1351 1598 namque
1373 1505 1491 1603 exigit

630 1626 701 1717 Per
712 1638 875 1713 medium
892 1631 1219 1731 AEneasjuvenem,
1243 1651 1433 1734 totumque
1448 1662 1499 1711 re<

665 1872 724 1945 809.
741 1881 812 1932 Vett.
818 1879 872 1930 edd
881 1892 940 1944 quan
949 1876 1055 1926 vidimus
1069 1881 1153 1925 ornnes
1163 1890 1170 1923 t
1188 1877 1261 1925 nubem
1272 1868 1322 1926 belli
1341 1877 1393 1927 dum
1408 1880 1499 1939 detinet,

632 1957 806 2025 mjustinet.
838 1955 951 2004 Primum
961 1953 988 2001 in
1006 1951 1064 2002 Ald.
1078 1962 1135 2003 tert.
1155 1955 1310 2002 emendatum
1326 1971 1339 2002 a
1352 1957 1480 2021 Naugerio
1492 1978 1499 2007 t

634 2033 726 2092 boner,
738 2038 801 2083 amnis
808 2034 908 2099 Sustinet,
923 2041 990 2094 etex
1003 2044 1032 2076 eo
1043 2027 1113 2088 aliae3
1141 2041 1165 2083 ct
1184 2029 1237 2079 aliae
1254 2030 1406 2081 adheserunt
1417 2034 1499 2098 priori

634 2096 689 2161 mi
698 2110 725 2159 in
735 2125 814 2175 marg.
823 2109 861 2159 ed.
876 2120 940 2169 1544
948 2121 1071 2156 occurrere
1079 2105 1157 2154 video.
1192 2106 1284 2156 Pierius
1294 2118 1420 2173 tamquam
1434 2111 1499 2159 inan<

634 2186 731 2236 tionem
741 2186 815 2237 eeod.
824 2187 940 2234 Romano
950 2183 1053 2249 'protulit
1064 2184 1122 2241 belli,
1137 2184 1187 2232 dum
1199 2185 1287 2244 detonet,
1302 2201 1378 2234 omnem
1389 2189 1456 2253 Sust.,
1472 2204 1499 2251 qt

636 2263 727 2313 inerltl.
738 2262 823 2331 12th
832 2260 916 2326 steph.
931 2269 1027 2324 recepta
1039 2258 1088 2308 est:
1113 2259 1307 2326 quandoquidem
1316 2262 1390 2320 etiarn
1406 2267 1452 2317 Ge.
1462 2266 1499 2313 Fal

637 2339 718 2390 exsno
728 2337 931 2389 Pseudo-Donato
938 2348 963 2389 et
971 2335 1038 2385 libris
1046 2335 1151 2395 vetustis,
1167 2353 1225 2401 quos
1238 2354 1285 2387 nec
1301 2340 1448 2399 denominat,
1464 2343 1499 2390 scr

637 2417 675 2468 lit.
706 2418 787 2469 detonet
798 2414 873 2464 etiarn
881 2414 977 2463 Servius
991 2413 1101 2479 legerat:
1126 2428 1228 2478 eamque
1245 2414 1375 2465 lediionem
1386 2416 1497 2479 Heinlius

636 2503 727 2545 etante
739 2509 806 2550 eum,
820 2503 935 2543 monente
947 2493 1096 2549 Burmanno,
1110 2490 1222 2539 Schottus
1237 2492 1303 2541 Obff.
1317 2495 1348 2552 ll,
1359 2507 1381 2543 n.
1414 2496 1499 2545 Seth

635 2563 767 2619 hettonem
777 2567 871 2616 Pierius
877 2582 964 2632 parum
974 2565 1110 2630 diligenter
1120 2566 1228 2616 exhibuit
1236 2583 1245 2633 ,²
1262 2584 1321 2617 nam
1328 2570 1414 2635 legitur
1421 2572 1446 2620 in
1453 2562 1499 2633 eo,

634 2647 694 2696 dina
699 2644 841 2710 exprellum,
855 2662 879 2693 n.
891 2644 912 2692 b.
921 2644 973 2692 dum
984 2643 1064 2692 darom
1073 2646 1135 2691 omnir
1145 2645 1172 2693 S.
1208 2645 1300 2695 lterum
1315 2647 1412 2696 eandem
1419 2647 1499 2715 linnel

636 2720 968 2773 ePalatinoexculamvideo
977 2720 1003 2766 in
1015 2720 1056 2769 ed.
1072 2720 1220 2770 Commelin.
1238 2732 1263 2770 et
1281 2721 1338 2772 hinc
1348 2722 1373 2771 in
1388 2725 1497 2776 Pulman.

633 2797 700 2851 ludit
710 2798 776 2849 Vols.
788 2813 825 2863 pr.
839 2798 891 2845 dun
899 2797 985 2847 detortas
994 2799 1066 2845 omnir.
1097 2796 1192 2846 Scilicet
1209 2799 1363 2851 distinetione
1373 2813 1461 2852 mutata
1473 2815 1499 2867 tet

635 2891 722 2927 veram
743 2874 874 2933 lectionem
890 2872 970 2922 nullm
986 2873 1085 2922 dubitor
1109 2874 1265 2943 aubenlbdlt',
1281 2878 1332 2927 dunt
1349 2878 1499 2940 deterrentis,

638 2952 719 3002 Codd.
732 2967 816 3000 omnes
825 2949 907 2998 iodea
925 2949 1041 3014 Mediceo
1051 2949 1161 3003 vitiosam
1175 2952 1229 3001 edd.
1249 2954 1358 3018 priorum
1372 2955 1499 3020 vulgatarur

636 3045 696 3078 nem
706 3029 830 3078 retinent:
848 3025 891 3074 nifi
903 3027 969 3091 qnod
979 3027 1076 3076 Zulirh.
1089 3044 1135 3094 pro
1149 3045 1197 3078 var.
1217 3029 1273 3091 ledi.
1284 3032 1337 3081 dunt
1347 3033 1421 3081 detinet
1431 3046 1499 3100 atque,

636 3109 724 3175 Burni.
735 3107 786 3157 dum
797 3107 870 3155 reiut
881 3103 1076 3154 amate—812.
1095 3107 1167 3155 Fallet
1179 3107 1244 3156 Gud.
1255 3123 1268 3156 a
1281 3124 1317 3157 m.
1328 3124 1364 3172 pr.
1395 3110 1463 3159 Fallit
1468 3124 1490 3159 et

633 3195 660 3250 p.
672 3197 691 3232 t.
704 3186 809 3232 necetius
816 3181 854 3229 illa
861 3181 957 3229 Exultat
967 3180 1049 3244 inepte
1061 3182 1266 3244 Fratre—813.
1284 3183 1397 3252 Exfitltmt
1408 3185 1492 3235 Medic,

637 3256 703 3312 Molr
712 3279 754 3328 que
763 3257 1047 3319 tebestiano—815.
1057 3258 1148 3325 jamque
1158 3260 1233 3309 Goth.
1244 3260 1290 3310 sec.

576 3550 579 3559 ,
636 3488 713 3548 diem
745 3485 862 3566 fatigare
898 3489 965 3545 terni
986 3488 1015 3546 io
1047 3489 1107 3568 sup.
1156 3509 1210 3565 qua
1236 3490 1318 3549 fimili
1339 3490 1367 3549 in
1387 3492 1499 3569 congrell

638 3564 725 3634 VIII,
740 3585 790 3645 94,
803 3562 853 3622 ubi
865 3563 923 3622 vid.
970 3582 1009 3625 ot.
1039 3573 1106 3645 809.
1157 3567 1276 3626 Pallante
1290 3569 1408 3627 utebatur
1417 3570 1499 3626 Turni

635 3643 726 3702 nabent
748 3641 819 3709 belli,
838 3655 869 3699 ut
890 3648 1005 3714 πολέμοιο
1031 3651 1107 3719 νέφος,
1155 3646 1184 3703 lo
1204 3646 1252 3705 ille
1276 3645 1399 3714 ferocior,
1417 3645 1469 3724 sup.
1491 3678 1499 3704 t

637 3723 780 3799 depugnat
793 3721 865 3778 mole
877 3733 905 3777 et
919 3720 1026 3780 h.l.de
1038 3723 1106 3779 telo·
1154 3743 1212 3800 490
1224 3723 1264 3800 sq.
1306 3727 1441 3813 814.815.
1460 3725 1499 3783 Pa

637 3816 699 3858 tum
712 3796 890 3858 multitudine
902 3797 1004 3876 accipe.
1032 3798 1105 3857 Bene
1153 3802 1250 3881 legunt.
1301 3809 1324 3835 “
1339 3799 1478 3880 Proprium,

639 3877 718 3944 Serv,
757 3884 779 3910 “
792 3872 956 3933 Bellantium
976 3875 1108 3953 impetum
1158 3877 1277 3947 Servius,
1297 3876 1394 3947 fuerat„
1407 3882 1499 3954 rumptn

638 3952 760 4025 sustinet,
779 3952 866 4011 donec
878 3950 1049 4017 deferbeat.''
1070 3953 1109 4015 cf.
1157 3974 1220 4013 men
1239 3954 1327 4034 legunt
1349 3969 1391 4015 aut
1405 3954 1499 4036 colligo:

639 4029 741 4089 Cerda.
1157 4047 1300 4110 rumpunt,
1309 4033 1436 4091 autetiam
1445 4047 1497 4091 tran

681 4111 739 4165 810
757 4102 776 4164 s
788 4128 817 4185 q.
838 4106 881 4165 Ut
900 4107 1053 4187 ingenium,
1071 4105 1109 4166 fic
1159 4109 1250 4169 Prima
1269 4108 1338 4169 bene
1357 4109 1432 4179 dixit,
1449 4124 1499 4168 caett

638 4182 730 4254 oratio
753 4128 979 4247 duee-diversa
1000 4184 1036 4245 ab
1065 4202 1109 4257 ea,
1156 4206 1217 4249 nus.
1256 4184 1402 4266 leguntur,
1429 4197 1499 4267 puto,

603 4278 607 4285 “
1478 4282 1499 4322 nt
