3782 4894
913 906 1217 968 EXCURSUS
1255 905 1282 964 Ι.

856 1099 992 1173 Auxilia
1011 1102 1128 1173 AEneae
1141 1125 1179 1173 ex
1196 1097 1347 1171 Etruria.

610 1223 694 1351 Lr
705 1305 735 1343 n.
758 1287 796 1352 X,
815 1287 870 1346 166
884 1287 949 1367 sqq..
964 1289 1032 1367 Non
1043 1307 1139 1346 omnes
1148 1284 1249 1345 veteris
1262 1280 1378 1341 Etruriae
1386 1276 1512 1336 civitates
1527 1296 1566 1333 mr

610 1375 716 1439 morari
728 1396 744 1433 a
759 1379 856 1454 po'e‘tn,
869 1398 934 1437 cum
947 1379 1042 1456 copias
1056 1378 1120 1437 inde
1133 1377 1262 1435 addullan
1276 1371 1402 1436 recenset,
1414 1367 1566 1426 manifesto

610 1466 660 1523 est.
702 1466 748 1524 Ex
760 1465 794 1524 iis
809 1486 931 1545 quoque,
944 1467 1234 1530 duodecimnumero,
1251 1459 1415 1522 civitatibus,
1427 1476 1489 1532 quae
1511 1477 1566 1515 ren

610 1556 753 1635 publicam
773 1559 952 1640 Etruscorum
973 1559 1185 1623 constituebant,
1206 1556 1316 1614 Clarum
1337 1565 1364 1609 et
1381 1550 1451 1606 Caerr
1472 1561 1566 1605 tantu:

611 1645 726 1706 nomine
749 1647 850 1726 posuit,
874 1648 994 1727 reliquas
1017 1647 1160 1724 praeteriit.
1200 1644 1309 1703 Habuit
1328 1640 1410 1721 igitur
1429 1634 1566 1695 disertum

612 1757 650 1796 an
664 1754 768 1798 temere
782 1739 919 1818 apposuit,
940 1761 1001 1819 quae
1021 1740 1050 1797 in
1071 1753 1194 1797 mentem
1208 1735 1372 1793 veniebant?
1411 1731 1439 1790 si
1461 1731 1566 1787 nostru

611 1829 768 1908 Virgilium
775 1831 848 1888 bene
861 1831 940 1897 novi,
950 1830 1047 1888 habuit
1061 1829 1107 1888 ille
1119 1826 1194 1885 haud
1208 1825 1302 1889 dubie,
1317 1822 1461 1902 quodcum
1480 1819 1566 1896 judi<

612 1933 645 1980 ct
661 1920 765 1980 veteris
788 1921 931 1980 memorie
951 1921 1074 1999 respetlu
1093 1919 1123 1978 in
1136 1920 1189 1977 hoc
1202 1917 1266 1975 loco
1280 1914 1453 1993 sequeretnr;
1474 1912 1512 1970 in
1540 1914 1566 1971 al

507 2037 510 2042 ·
611 2012 739 2092 quidem,
752 2012 827 2090 quod
839 2011 985 2071 maritimae
999 2011 1080 2071 urbes
1090 2009 1151 2073 sont
1163 2023 1192 2067 et
1203 2006 1315 2066 navium
1330 2005 1437 2082 copiam
1455 2003 1566 2083 supper

611 2114 699 2171 tant;
726 2103 754 2161 in
774 2101 835 2160 aliis
850 2101 1047 2182 cognationem
1061 2115 1091 2160 et
1103 2098 1255 2159 amicitiam
1275 2116 1338 2155 cum
1352 2094 1502 2162 Romanis,
1530 2111 1566 2155 ut

613 2192 710 2252 Clulio
729 2205 758 2250 et
770 2192 876 2261 Caerc3
907 2191 952 2252 seu
976 2192 1082 2252 fabulas
1109 2189 1222 2270 priscae,
1242 2203 1279 2266 ut
1295 2186 1326 2245 in
1340 2188 1469 2246 Mantua.
1525 2188 1566 2244 Cr

613 2283 730 2363 quidem
750 2282 856 2343 summo
876 2302 940 2343 cum
953 2283 1054 2343 dilectu
1066 2281 1157 2361 primo
1175 2282 1239 2340 loco
1252 2276 1517 2357 posuit-quoniam
1542 2280 1566 2339 lt

612 2374 739 2434 rentium
761 2393 858 2453 regem
879 2375 988 2452 pulsum
1011 2374 1084 2433 bello
1102 2370 1229 2452 persequi
1245 2369 1406 2429 decreverat
1425 2386 1461 2426 ea
1483 2367 1566 2429 civi

567 2516 573 2519 .
611 2464 708 2524 castris
734 2463 765 2524 in
789 2463 947 2544 propinquo
970 2462 1044 2526 urbis
1071 2462 1178 2542 positia,
1210 2459 1308 2538 quibus
1331 2457 1432 2516 AEnear
1459 2477 1566 2542 exce]

613 2555 713 2616 cunila
739 2554 829 2614 slatim
854 2554 890 2613 ad
915 2553 1116 2633 prosectionem
1140 2566 1239 2632 parata
1264 2547 1369 2630 reperit
1399 2544 1477 2624 (sup.
1517 2551 1566 2610 V}

612 2647 783 2723 478-494-
804 2642 860 2718 603
884 2642 939 2721 sq.)
956 2664 964 2701 t
988 2640 1064 2720 quod
1077 2641 1127 2700 nisi
1139 2653 1295 2720 opportune
1315 2634 1468 2709 accidiffet,
1494 2639 1551 2698 ad

612 2731 715 2791 rander
727 2731 826 2809 copias
840 2751 919 2792 mora
933 2732 1005 2789 satia
1017 2732 1092 2798 esset,
1112 2752 1174 2810 quae
1194 2732 1283 2808 poitae
1295 2742 1382 2786 totam
1402 2728 1566 2791 narration

612 2822 806 2901 perturbasset.
846 2822 961 2878 Mature
974 2835 1068 2879 autem
1088 2840 1152 2899 cum
1168 2814 1303 2879 Romanis
1325 2815 1471 2893 Caeretani
1485 2816 1536 2879 in
1556 2844 1566 2882 r

557 2946 558 2949 =
611 2909 710 2970 citiam
723 2922 751 2967 et
763 2908 925 2968 societatem
938 2903 1050 2977 veriore,
1072 2909 1154 2969 sacris
1168 2924 1196 2968 et
1209 2907 1409 2973 sacerdotibus,
1436 2927 1523 2969 cum
1549 2916 1566 2972 <

610 3001 794 3065 advenissent,
808 2998 936 3077 receptis.
957 3019 987 3058 v.
1001 2999 1067 3058 Liv.
1080 2999 1121 3066 V,
1134 3019 1182 3076 40.
1198 3018 1244 3079 50.
1285 2996 1483 3057 Incivitatem
1495 3020 1566 3080 qu<

554 3148 557 3155 ,
609 3089 744 3169 adscripti
756 3090 827 3156 sunt,
849 3091 899 3148 etli
910 3090 964 3149 fine
978 3088 1117 3171 suffragio.
1132 3100 1136 3106 ⁴
1158 3088 1310 3148 Ceretanis
1323 3086 1461 3147 societate
1475 3092 1566 3168 adju

491 3238 503 3251 .
526 3203 529 3207 ’
609 3184 698 3259 po'e’ta
711 3172 912 3240 civitateslocn
925 3179 1046 3245 vicinas,
1059 3177 1201 3256 plerasque
1219 3177 1372 3236 littoralem
1386 3179 1537 3239 Etruriae
1557 3206 1566 3244 1

539 3292 560 3328 Α
609 3291 695 3343 onem
704 3270 866 3337 incolentes,
879 3289 945 3328 nam
962 3268 1122 3348 longinquis
1134 3267 1203 3328 locis
1219 3268 1314 3345 copias
1327 3266 1474 3327 arcessere
1491 3290 1566 3335 non

461 3426 468 3435 ,
528 3340 530 3346 ⁴
609 3363 667 3422 tuit
678 3384 687 3430 ;
709 3359 802 3439 potuit
813 3360 880 3420 alias
891 3378 1000 3438 quoquc
1014 3358 1133 3418 radones
1146 3358 1278 3438 spoliare,
1291 3357 1402 3436 quasin
1415 3359 1527 3420 tantis
1551 3367 1566 3424 l

607 3452 661 3512 riae
683 3448 863 3509 Etruscorum
886 3449 1007 3507 tenebris
1028 3467 1100 3506 nunc
1119 3448 1291 3527 ignoramus.
1331 3445 1412 3507 Illud
1435 3462 1566 3516 tamen

520 3590 533 3605 ,
607 3539 732 3600 maxime
746 3539 843 3606 miror,
864 3537 940 3618 quod
956 3539 1030 3598 nulla
1044 3531 1175 3606 Cortoaae,
1195 3540 1240 3598 seu
1255 3539 1365 3617 Corythi
1379 3539 1531 3609 veteris,
1565 3588 1566 3595 ,

606 3631 649 3690 tio
661 3630 736 3689 satia
748 3629 796 3695 cst,
816 3649 879 3688 cum
893 3628 958 3687 inde
972 3627 1118 3706 originem
1125 3630 1234 3688 trahere
1247 3630 1336 3687 dicius
1350 3627 1427 3686 effer
1440 3626 1566 3695 Dar-d

606 3716 657 3780 elsi
672 3724 769 3780 Acron
780 3716 845 3776 inde
855 3715 987 3776 oriundus
1000 3716 1051 3776 inf.
1068 3718 1106 3785 X,
1121 3736 1179 3796 719
1192 3731 1378 3777 memoratur.
1428 3716 1501 3777 Sed
1517 3725 1562 3784 fi

604 3809 740 3887 conjicio,
753 3828 816 3868 cum
828 3808 934 3888 Agylla
944 3821 1025 3866 vetur
1037 3807 1214 3887 Pelasgorum
1225 3810 1289 3867 urbs
1299 3808 1379 3873 esl'et,
1395 3805 1431 3864 in
1440 3805 1566 3871 socie-

605 3898 855 3977 2dscripsrt'poita
876 3897 944 3956 alias
965 3897 1107 3963 civitatee,
1129 3917 1199 3976 quan
1219 3897 1330 3975 Pelasgi
1348 3895 1566 3964 inhabitaffi

604 3990 677 4050 sunt.
718 3990 837 4067 Dionys.
858 3989 884 4057 I,
909 4007 958 4056 20,
980 3989 1029 4068 qui
1041 3991 1162 4050 clafficus
1175 3993 1253 4051 locus
1269 3993 1318 4057 est,
1331 3990 1451 4048 multas
1470 4010 1555 4054 eos

602 4080 706 4157 partim
730 4078 829 4139 Siculis
850 4095 971 4157 ereptas,
995 4081 1138 4160 partima
1164 4081 1191 4140 se
1218 4083 1372 4147 extrutias,
1405 4079 1566 4147 habitan

601 4167 786 4229 communiter
799 4188 865 4229 cnm
875 4169 1090 4251 Aboriginibus,
1109 4187 1145 4230 eo
1155 4168 1184 4230 in
1198 4171 1382 4230 numeroesse
1398 4169 1524 4238 Caere.
1562 4226 1566 4236 ,

1467 4258 1566 4325 8224
