3966 4920
479 548 484 563 ι
550 438 599 497 κ
645 458 717 534 150
907 431 1349 508 excursusu

642 634 780 710 templum
791 631 848 711 ejus
859 634 893 693 ad
905 633 1116 713 supplicationes
1126 647 1244 712 pateret.
1266 631 1450 712 Distinguenda
1458 632 1566 693 abiiralla

643 744 661 782 a
674 726 818 789 serioribus
831 727 944 793 adscita,
964 740 994 784 ut
1007 726 1162 805 prudentiae
1177 726 1271 804 opinio
1290 745 1307 783 a
1329 725 1424 804 duplici
1439 726 1507 795 lacie3
1524 718 1569 789 nec

640 835 695 894 pro
704 820 801 877 mundi
814 819 905 876 anima
919 819 1019 895 Janum
1034 817 1137 875 didlum
1151 818 1202 875 esse
1215 816 1328 897 antiqua
1348 816 1471 874 authoritas
1487 818 1569 886 fimat,

642 922 692 967 aut
703 908 775 966 inter
784 908 869 966 sidera
883 907 947 984 Jani
960 928 1062 965 numen
1075 923 1178 971 ortum,
1197 905 1238 964 ita
1251 922 1281 968 ut
1290 906 1413 964 navicula
1421 906 1478 965 iuter
1486 894 1571 966 Bootc'n
1607 903 1610 910 '

642 1014 673 1056 et
682 998 832 1077 Virginem
842 998 876 1056 ab
885 998 967 1056 initio
980 998 1068 1056 dittus
1078 1013 1107 1055 et
1120 997 1230 1056 habitus
1245 998 1330 1074 Janus
1344 998 1421 1055 esset:
1438 1018 1487 1075 quae
1502 1016 1574 1075 nuper

643 1087 696 1146 fuit
707 1082 848 1168 ingeniosa
865 1089 903 1147 V.
926 1089 962 1146 C.
983 1088 1077 1164 Dupuy
1089 1088 1204 1165 opinio:
1236 1087 1353 1146 Critolai
1368 1088 1433 1145 enirn
1448 1087 1500 1146 fides
1513 1087 1575 1146 nulla

643 1179 692 1242 est,
707 1177 894 1236 Grammatici
906 1179 935 1235 in
949 1179 1131 1255 phaenomena
1145 1176 1228 1236 Arati
1241 1176 1373 1244 ludentis,
1391 1176 1416 1235 in
1425 1175 1484 1236 libro
1495 1179 1580 1257 luppo·

610 1276 614 1284 '
643 1266 728 1329 sititio
742 1267 893 1332 Plutarchi,
914 1266 1014 1325 Parall.
1026 1286 1055 1343 p.
1069 1286 1135 1344 307.
1149 1272 1215 1344 308.

683 1361 757 1419 Cum
769 1364 823 1420 hoc
832 1381 931 1420 nomen
943 1361 1122 1438 symbolicum
1133 1380 1199 1419 mox
1212 1376 1240 1418 et
1249 1358 1339 1436 ipsum
1351 1358 1417 1417 inter
1429 1355 1587 1421 vetuhihmoi

577 1474 583 1482 ¹
643 1440 736 1510 Italiae
748 1452 832 1510 herois
841 1450 885 1508 seu
899 1452 1027 1509 deosellet
1036 1450 1161 1516 relatum,
1182 1450 1337 1508 dubitatum
1356 1449 1391 1506 est
1404 1454 1461 1507 inter
1470 1449 1557 1525 Janum
1567 1469 1590 1512 et

642 1542 791 1608 Saturnum,
811 1555 871 1598 uter
888 1540 975 1599 altero
991 1541 1056 1598 effet
1076 1539 1223 1615 antiquior.
1265 1537 1391 1614 Plerique
1412 1542 1592 1617 tarnenJanum

642 1629 766 1709 priorem
783 1629 893 1687 Italiam
906 1629 1049 1688 obtinuisse
1060 1644 1183 1697 narrant,
1197 1643 1225 1686 et
1235 1629 1371 1685 advenam
1383 1628 1513 1688 Saturnum
1522 1630 1552 1688 ab
1564 1652 1597 1692 eo

642 1721 697 1780 else
709 1736 875 1797 exceptum:
896 1719 934 1778 cf.
947 1719 1034 1777 ovid.
1049 1721 1119 1777 Fast.
1132 1721 1157 1787 l,
1179 1740 1233 1797 ²33
1250 1719 1309 1798 sqq.
1332 1733 1361 1776 et
1375 1721 1492 1778 Maerob.
1506 1723 1560 1781 Sat.
1574 1725 1601 1791 1·,

645 1827 675 1886 7.
717 1809 791 1867 Cum
806 1808 902 1885 itaque
911 1809 995 1866 Maro
1008 1810 1096 1866 noster
1107 1808 1158 1867 lib.
1169 1808 1256 1874 Vlll,
1278 1815 1334 1885 3¹9
1348 1813 1452 1884 primum
1467 1811 1605 1872 Saturnum

643 1899 674 1958 in
685 1899 797 1965 Italiam
811 1898 911 1969 venille
925 1897 1011 1965 dicat,
1031 1900 1117 1956 multa
1136 1897 1259 1974 argutati
1276 1897 1337 1955 sunt
1348 1897 1439 1974 ,etiam
1450 1915 1557 1971 veteres,
1578 1918 1608 1963 ut

644 1990 716 2048 hanc
734 1987 925 2047 difficultatem
944 1986 1118 2065 expedirent.
1158 1986 1238 2044 Talis
1260 1984 1407 2064 disputatio
1428 1989 1497 2066 apud
1518 1992 1611 2054 Aurel.

645 2079 789 2138 Victorem
800 2078 839 2134 O.
856 2077 898 2156 G.¹
908 2076 947 2133 R.
961 2095 988 2133 e.
1004 2095 1015 2135 1
1033 2074 1155 2152 legitur:
1178 2096 1261 2152 quam
1275 2076 1383 2134 inanem
1393 2078 1443 2134 elle
1456 2099 1489 2136 ex
1501 2079 1616 2158 superio-

558 2195 560 2201 ,
645 2168 720 2227 ribus
735 2165 815 2226 facile
839 2164 1017 2243 intelligitur.
1053 2166 1120 2226 ¹Nec
1134 2187 1204 2225 vero
1224 2167 1326 2243 Janum
1339 2167 1461 2226 excludit
1472 2170 1622 2248 Virgilius,

644 2256 800 2333 sedprimus
813 2253 880 2312 nihil
894 2252 968 2311 aliud
982 2255 1031 2320 est,
1051 2275 1134 2331 quam
1154 2255 1253 2339 primis
1267 2257 1297 2313 h.
1321 2276 1348 2312 e.
1362 2258 1479 2335 antiquis
1489 2265 1624 2339 tempori·

645 2351 710 2415 bus,
730 2346 819 2424 prima
832 2345 976 2421 hominum
989 2359 1079 2403 aetate.
1120 2344 1174 2403 Sed
1188 2344 1261 2405 forte
1275 2361 1334 2404 tota
1347 2346 1394 2405 illa
1407 2348 1442 2406 (le
1456 2349 1579 2425 Saturni,
1597 2370 1628 2415 et

645 2439 758 2520 quidem
768 2436 834 2494 navi
848 2434 931 2501 vedli,
951 2435 1024 2510 Jano
1038 2452 1172 2512 regnante
1192 2436 1220 2493 in
1234 2435 1344 2494 Italiam
1365 2436 1487 2497 adventu
1505 2445 1633 2504 narratio

646 2531 750 2591 nullam
761 2524 919 2602 graviorem
931 2524 1049 2585 caussam
1070 2543 1103 2581 ac
1124 2525 1239 2583 fundum
1257 2525 1317 2582 veri
1334 2526 1431 2594 habet,
1453 2551 1538 2608 quam
1557 2537 1639 2612 quod

645 2618 755 2697 antiqui
765 2613 840 2674 numi
853 2616 939 2683 altera
958 2629 1039 2691 parte
1052 2613 1132 2673 navis
1150 2617 1278 2687 rostrum,
1299 2617 1387 2675 altera
1400 2614 1505 2692 Janu'm
1524 2622 1643 2682 bifron-

644 2726 704 2769 tem
716 2704 873 2772 habebant;
894 2704 942 2761 etti
956 2703 999 2761 his
1011 2703 1046 2761 de
1055 2703 1138 2782 signis
1152 2704 1210 2763 dici
1223 2705 1272 2762 vix
1285 2708 1371 2781 potest
1385 2711 1577 2783 quammulta
1588 2733 1646 2771 ve-

604 2860 609 2875 ,
643 2816 718 2859 teres
731 2794 903 2874 argutdntitr.
924 2793 962 2851 cf.
972 2793 1060 2851 Ovid.
1074 2795 1096 2852 F
1099 2793 1145 2851 all.
1159 2795 1178 2853 l.
1189 2816 1213 2853 c.
1229 2808 1257 2851 et
1271 2795 1413 2854 Plutarch.
1429 2800 1537 2879 Qraest.
1554 2803 1648 2864 Rom.

644 2910 675 2969 p.
701 2906 759 2963 274
780 2885 820 2942 D.
843 2885 878 2941 E.
919 2884 1022 2960 Neque
1044 2882 1185 2949 absimilis,
1206 2883 1337 2961 suspicor,
1358 2887 1434 2946 ratio
1460 2888 1595 2958 induxit,
1618 2907 1647 2952 ot

603 2986 611 3007 ⁴
646 2979 749 3056 Janum
764 2976 967 3050 Saturnumque
976 2972 1006 3030 in
1019 2973 1098 3049 regni
1108 2971 1239 3031 societate
1250 2971 1345 3032 vixisse
1356 2976 1511 3037 traderent
1522 3001 1530 3036 ε
1542 2985 1647 3058 'quan

543 3094 547 3100 ’
644 3065 798 3148 doquidem
811 3062 909 3121 vicinis
929 3060 1045 3119 collibus
1058 3061 1173 3119 nomina
1195 3076 1275 3119 crant
1296 3061 1448 3140 imposita:
1488 3067 1647 3143 Janiculm

644 3162 714 3225 huic,
733 3156 775 3215 illi
785 3161 884 3236 fuerat
898 3154 1025 3210 Saturnia
1039 3173 1123 3209 nomen
1135 3151 1185 3208 lib.
1200 3144 1289 3219 VIII,
1305 3172 1319 3229 3
1326 3157 1372 3231 58.

622 3301 625 3307 .
685 3248 827 3309 Secundus
841 3265 857 3302 a
869 3245 990 3301 Saturno
1003 3240 1076 3318 apud
1100 3243 1214 3319 politam
1234 3242 1354 3300 nostrum
1368 3243 1455 3300 Picus
1469 3262 1647 3305 memoratr

644 3337 664 3395 l.
679 3358 705 3395 c.
719 3337 793 3401 Vll,
817 3337 865 3410 48.
890 3352 929 3410 49
951 3332 1131 3408 Picus-isque
1152 3346 1285 3407 parentem
1306 3329 1354 3397 Τι’,
1388 3334 1532 3401 Saturne,
1566 3343 1647 3415 refer

646 3430 770 3490 Primum
785 3424 898 3485 omnino
924 3422 1063 3500 sanguinis
1087 3424 1225 3480 audiorem
1239 3442 1290 3499 per
1307 3426 1436 3509 parentis
1455 3445 1579 3485 vocem
1595 3428 1647 3507 saeq

645 3515 792 3582 declarari,
812 3530 841 3572 et
853 3527 933 3571 notus
946 3513 985 3569 est
997 3512 1129 3589 loquendi
1153 3533 1225 3579 mos,
1244 3528 1274 3571 et
1292 3515 1484 3575 Burmannus
1520 3518 1564 3576 ad
1590 3510 1631 3576 h.

644 3606 762 3670 monuit.
804 3602 869 3678 Jani
883 3601 979 3677 utique
990 3621 1025 3658 ex
1032 3600 1146 3659 Venilia
1160 3600 1256 3668 filiam,
1277 3603 1436 3670 Canentem,
1464 3625 1614 3665 uxorem
1630 3609 1647 3665 l

643 3698 875 3760 buiffenarratur.
916 3689 1466 3770 Multasuntihhachistoriaeantiquae
1499 3712 1606 3771 parte
1634 3718 1647 3754 r

644 3791 723 3850 mina
735 3785 771 3843 ab
784 3781 865 3841 initio
877 3778 1039 3855 symbolica,
1058 3778 1107 3836 etti
1119 3780 1239 3838 obscurae
1253 3800 1325 3838 nunc
1345 3781 1407 3839 lere
1422 3783 1647 3863 interpretat

645 3880 781 3956 nimquae
802 3873 830 3930 in
851 3870 925 3927 viros
939 3887 972 3925 ac
991 3869 1105 3927 feminas
1118 3869 1210 3929 abiisse
1230 3871 1369 3930 videntur.
1416 3875 1536 3952 Janus
1556 3878 1647 3955 quid

643 3969 792 4028 secundum
805 3962 873 4021 alios
888 3961 1018 4034 Camasen,
1038 3959 1198 4019 sororemac
1212 3961 1374 4040 conjugem,
1397 3963 1603 4025 secundum
1624 3989 1647 4025 a

646 4057 771 4114 Veniliam
785 4054 813 4111 in
827 4048 1008 4109 matrimonio
1029 4048 1136 4107 habuit.
1177 4051 1293 4110 Camese
1317 4053 1367 4111 vix
1392 4055 1463 4112 alia
1495 4056 1575 4114 fuit
1607 4079 1647 4134 qt

645 4144 782 4205 Camesna
795 4142 969 4204 eternam,
990 4153 1020 4195 ut
1036 4136 1181 4207 Casmilus,
1203 4140 1336 4199 Camillus
1348 4146 1393 4219 (v.
1408 4146 1502 4204 AEn.
1523 4144 1601 4213 XI,
1633 4168 1647 4223 5

643 4238 683 4298 cf.
697 4236 790 4294 Varro
799 4230 834 4288 de
848 4230 913 4289 LL.
925 4227 980 4297 VI,
996 4231 1044 4308 3);
1066 4244 1146 4291 vetus
1160 4233 1247 4292 Italiae
1259 4251 1375 4302 numen,
1397 4234 1443 4294 ad
1459 4237 1596 4315 plures
1617 4236 1644 4295 d

1542 4324 1647 4384 Cam«
