3702 4916
669 362 773 442 ‘260
825 386 829 399 ·
970 352 1402 439 EXCURSUSII

699 552 743 615 illi
755 576 883 638 accepere
894 559 1057 618 aduenarum
1070 570 1160 636 opera.
1203 557 1254 615 Eas
1268 558 1372 638 Pelasgos
1382 555 1436 637 prin

700 645 840 724 TroJanos
867 646 1014 714 Sallustius,
1039 645 1156 704 intulilie
1182 644 1272 716 aiunt3
1303 646 1341 703 sed
1364 665 1436 703 cornu

700 732 805 791 uitium
819 728 901 812 primi
913 733 1037 792 homines
1048 733 1078 790 in
1090 732 1134 791 his
1146 732 1212 791 locis
1221 735 1362 812 cultumque
1375 735 1436 795 melu

702 821 812 880 auctore
822 821 953 899 accepiffe
964 821 1118 891 traduntur,
1136 821 1167 878 in
1180 820 1256 897 'cujus
1266 821 1388 902 personam
1407 824 1436 880 Ra

702 912 758 970 lere
777 898 887 967 aureum
900 907 1019 968 seculum
1032 924 1059 966 et
1071 908 1124 967 alia
1136 909 1226 987 plura,
1244 929 1299 986 quae
1313 901 1436 984 Grecorur

625 998 628 1003 ’
703 1016 771 1057 num
791 997 891 1056 animis
909 995 1082 1073 subjiciebat,
1102 1016 1166 1054 cum
1187 997 1267 1054 semel
1281 1012 1436 1076 utrumquee

703 1090 801 1154 tarent,
815 1105 869 1143 non
884 1084 997 1144 meliore
1011 1085 1084 1162 jure,
1103 1105 1184 1162 quam
1199 1105 1261 1143 cum
1275 1085 1406 1144 Poenorum
1425 1082 1436 1141 I

703 1173 771 1235 chus
780 1194 829 1254 pro
841 1173 958 1232 Saturno
969 1165 1149 1233 habitus'est.‘
1167 1174 1215 1231 Ab
1227 1173 1278 1239 hoc
1290 1174 1389 1234 Saturni
1399 1194 1436 1254 pr<

704 1262 736 1320 in
747 1262 789 1323 his
800 1262 878 1321 terrio
888 1261 1009 1327 aduentu
1020 1264 1092 1321 Latii
1109 1281 1207 1320 nomen
1226 1264 1316 1340 repetit
1335 1268 1411 1340 po'e'ta
1428 1281 1436 1321 t

704 1352 804 1412 larium
822 1370 913 1413 errore
932 1371 966 1409 ex
986 1352 1077 1430 inepta
1088 1352 1264 1430 etymologia.
1276 1373 1301 1409 v.
1319 1353 1373 1430 sup.
1393 1351 1436 1410 Eu

707 1440 774 1500 VII.
799 1441 847 1507 ,In
868 1436 972 1517 partein
992 1437 1116 1497 beneficii
1141 1440 1229 1497 cultus
1249 1439 1358 1499 melioris
1377 1441 1436 1499 allat

706 1527 768 1587 aliis
780 1529 882 1604 Jonas,
903 1524 951 1604 qui
972 1527 1116 1584 Saturnum
1136 1525 1256 1605 bospitio
1274 1527 1397 1605 excepiffe
1420 1530 1436 1586 d

705 1616 783 1677 crob.
800 1614 856 1674 Sat.
870 1615 896 1685 Ι,
909 1634 938 1692 7.
977 1614 1052 1675 Cum
1064 1613 1144 1672 semel
1156 1636 1236 1674 aurea
1256 1632 1316 1676 aeras
1336 1616 1365 1675 in
1383 1616 1436 1676 Sati

613 1709 616 1715 ’
706 1703 817 1780 rejecta,
837 1701 920 1761 etiam
931 1701 1043 1760 ferream
1057 1716 1163 1761 aetatem
1185 1702 1220 1759 ab
1239 1705 1295 1782 ejus
1312 1709 1436 1775 excessui

705 1792 765 1854 bile
773 1790 861 1850 videri
872 1789 979 1849 debuit.
1015 1790 1111 1868 Itaque
1123 1797 1206 1870 poeta
1223 1811 1252 1851 v.
1265 1796 1318 1870 326
1330 1796 1436 1856 Deleria

707 1906 740 1944 ac
751 1881 919 1944 decoloretur
939 1881 974 1938 Et
987 1879 1048 1947 belli
1056 1882 1138 1940 rabies
1149 1897 1173 1941 et
1185 1906 1254 1963 amor
1263 1883 1366 1961 succefflt
1379 1887 1436 1948 hab

655 2006 658 2011 Δ
706 1985 861 2049 temporum
880 1969 953 2028 vioea
975 1970 1102 2047 praeclare
1121 1962 1203 2028 ¹refert
1223 1978 1304 2049 poeta
1324 1973 1415 2034 varias

707 2073 796 2139 partor
813 2059 855 2117 bae
873 2056 961 2117 Italia
979 2057 1186 2136 fuerejauatae.
1225 2060 1272 2117 Ad
1283 2059 1436 2124 historicam

708 2162 765 2206 tem
777 2167 871 2226 parum
883 2146 1088 2207 accommodate
1101 2147 1197 2206 dixiffe
1209 2147 1295 2209 videri
1308 2149 1409 2211 debet:
1433 2160 1436 2186 ·

708 2246 756 2298 nia
775 2253 800 2294 et
817 2254 904 2317 gentes
924 2258 1015 2294 venere
1036 2237 1147 2301 Sicana.
1186 2235 1262 2296 Nam
1285 2239 1379 2307 Sarni,
1404 2258 1436 2301 et

665 2373 667 2379 s
709 2343 820 2405 quoque
837 2326 905 2385 locis
926 2324 1059 2394 nominat,
1081 2327 1168 2386 nullae
1191 2327 1228 2384 iu·
1245 2326 1324 2386 Italia
1340 2326 1421 2390 sedes

653 2487 656 2493 ν
709 2412 847 2493 Hispania
867 2434 884 2471 a
903 2411 1051 2490 Liguribus
1076 2413 1143 2490 pulfi
1168 2414 1198 2473 in
1218 2413 1339 2474 Siciliam
1361 2421 1436 2497 trajo

709 2502 786 2582 poris
796 2502 911 2561 succerio
925 2501 1032 2575 Siculos
1052 2501 1124 2560 matii
1146 2501 1207 2561 sunt
1228 2504 1346 2574 accolas,
1366 2509 1426 2584 qui

708 2605 815 2670 gerant.
856 2589 908 2647 Pro
925 2588 1015 2649 Siculis
1035 2590 1139 2668 itaque,
1163 2590 1219 2661 seo,
1240 2604 1271 2649 ut
1291 2593 1429 2671 equidem

710 2680 787 2758 quod
799 2681 919 2738 aubiorea
937 2676 1059 2744 baberet,
1072 2679 1123 2757 qui
1131 2679 1170 2738 ita
1184 2680 1331 2749 traderent,
1354 2682 1420 2755 seu,

710 2770 787 2827 tuiffe
799 2771 907 2847 uidetur
923 2768 958 2826 ad
980 2768 1037 2836 XI,
1058 2788 1126 2848 317,
1145 2771 1286 2850 poeticum
1306 2791 1422 2834 morem

710 2857 785 2916 dixit
796 2858 889 2924 Maro,
908 2872 940 2915 ut
948 2858 1006 2935 jam
1020 2858 1152 2918 Cluverio
1164 2860 1336 2920 observatum
1348 2861 1408 2922 lib.
1423 2865 1436 2922 l

710 2945 758 3008 etfi
770 2944 851 3004 etiam
863 2946 912 3003 alii
923 2945 1063 3025 scriptores
1073 2951 1188 3009 eundem
1200 2969 1320 3010 errorem
1333 2951 1436 3013 admii

710 3028 738 3102 1,
761 3055 808 3105 ro,
825 3053 888 3093 cum
913 3032 1041 3093 Macrob.
1060 3035 1075 3092 I
1094 3039 1152 3103 Sat.
1175 3059 1202 3118 ς.
1242 3040 1375 3099 Maronis
1388 3060 1436 3103 ex<

711 3124 776 3182 tulis
797 3122 883 3182 socios
904 3120 1006 3201 adjecit
1027 3122 1079 3184 lib.
1101 3124 1188 3195 VIII,
1209 3130 1264 3206 358
1287 3125 1394 3186 Silius.

711 3211 800 3271 Siculi
812 3212 872 3270 loca
884 3211 955 3271 inter
967 3210 1096 3279 Tiberim
1108 3226 1135 3271 et
1147 3213 1237 3273 Lirim
1259 3214 1313 3289 (cf.
1329 3215 1436 3298 Diony

709 3301 807 3381 primia
828 3302 860 3363 id
882 3304 990 3364 testatur
1015 3316 1090 3362 vetus
1114 3305 1253 3363 oraculum
1279 3304 1416 3383 Pelasgis

708 3394 836 3467 μαιόμινοι
857 3399 960 3453 Ermaia
980 3395 1113 3468 Σατέςνιον,
1130 3391 1199 3462 αἷσιν,
1218 3394 1257 3457 ἧδ’
1279 3394 1436 3472 Ἀβοςιγη

706 3497 796 3556 quum
807 3479 877 3537 illud
889 3480 956 3548 fuit,
974 3479 1028 3537 sive
1045 3478 1126 3540 serius
1143 3483 1257 3553 fitium).
1285 3483 1381 3541 ‚Sane
1401 3488 1436 3544 al

656 3560 660 3567 ’
709 3564 810 3625 riorem
822 3565 930 3626 Italiam
941 3581 969 3627 et
981 3567 1101 3626 adsedet
1114 3568 1312 3628 OEnotriorum
1329 3589 1436 3633 reuoca

705 3653 796 3716 illiin
816 3652 939 3714 Siciliam
950 3655 1081 3732 trajeciffe
1092 3670 1250 3716 narrantur:
1273 3673 1306 3717 et
1325 3658 1427 3720 habet

709 3744 846 3806 biritarem
866 3763 900 3801 ex
918 3763 963 3813 eo,
987 3747 1096 3822 quode
1116 3746 1293 3826 propioribus
1312 3749 1396 3811 loeis
1421 3753 1436 3811 f

709 3833 834 3911 trajectus
844 3831 874 3893 in
885 3831 1010 3901 insulam,
1035 3852 1117 3911 quam
1137 3854 1173 3893 ex
1195 3835 1265 3897 locis
1286 3837 1377 3896 circa
1404 3840 1436 3898 Ί

704 3941 767 3982 mon
790 3920 841 3981 nifi
856 3920 963 3982 incerta
984 3921 1019 3980 de
1039 3920 1083 3984 his
1102 3923 1177 3983 fama
1194 3943 1229 3983 ex
1250 3925 1436 4003 antiquitat«

630 4076 634 4080 .
683 4014 859 4100 *aduertam
868 4017 987 4098 aliquam
997 4016 1382 4119 probabilitatemrefingere
1392 4022 1436 4086 stu
