3966 4920
661 384 761 465 Iri.
846 430 850 439 .
948 372 1324 462 Excuu'sus
1364 384 1384 462 I
1427 370 1496 461 ⁸.

664 581 749 672 debet
761 584 796 654 ir,
819 584 866 644 cui
878 584 935 644 haec
948 584 1055 645 Caietae
1066 589 1227 647 memoratio
1240 588 1322 648 nimis
1334 587 1443 648 videtur
1453 590 1495 650 elie
1505 593 1604 661 renuite

663 673 745 751 epico
761 674 858 753 spiritu
872 675 997 754 indigna.
1034 675 1099 735 Hoc
1115 691 1205 735 tamen
1219 699 1310 737 verum
1329 679 1379 747 est,
1404 681 1459 757 post
1477 668 1604 740 fimilemd

662 760 776 822 Miseno
788 777 816 822 et
830 763 958 823 Palinuro
970 765 1153 827 narrationem
1163 768 1314 825 novitatem
1326 767 1391 825 huic
1405 768 1501 828 Caieta
1512 789 1604 829 comme

664 853 812 912 morationi
826 853 919 914 decise.
960 855 1023 916 Nec
1033 856 1086 915 boc
1102 875 1158 914 non
1171 855 1272 916 sensisse
1284 856 1373 917 videri
1385 858 1465 935 potest
1474 865 1556 937 poio,
1575 879 1604 935 qu

662 943 778 1003 {inirem
784 941 865 1001 aliam
878 943 913 1000 de
926 944 1010 1023 Baja,
1030 943 1133 1002 Euxini
1147 957 1243 1010 matre,
1251 944 1372 1002 fabulam
1386 943 1489 1018 <vinos
1498 945 1531 1005 0.
1540 945 1604 1004 G.R

668 1036 716 1104 ιο)
729 1051 784 1090 non
796 1030 908 1109 attigit:
929 1052 979 1090 nec
1001 1033 1142 1105 Leucrssam
1153 1030 1268 1090 insulam
1280 1031 1311 1090 in
1323 1033 1380 1089 finu
1394 1032 1503 1091 Paestano
1513 1052 1526 1091 a
1537 1034 1604 1092 conse

664 1120 744 1179 brina
756 1122 851 1181 AEneae
863 1133 911 1178 aut
924 1119 1074 1198 Proclrytam
1085 1118 1122 1178 ab
1130 1120 1187 1196 ejus
1199 1136 1316 1197 cognata
1327 1119 1368 1178 ibi
1380 1120 1477 1198 sepulta
1501 1127 1535 1196 (v.
1559 1121 1604 1179 Dic

663 1209 723 1285 nys.
744 1209 770 1276 Ι,
796 1209 846 1288 53)
880 1209 1039 1287 appellatam
1065 1227 1213 1267 memorare
1237 1209 1335 1269 voluit.
1376 1211 1436 1270 Nee
1459 1209 1507 1268 fine
1526 1208 1605 1286 judici

662 1297 755 1358 uideri
764 1298 846 1358 debet
857 1297 971 1356 omisisse
982 1297 1036 1356 alia
1044 1316 1163 1356 errorum
1173 1299 1267 1356 AEneae
1276 1298 1305 1356 in
1315 1299 1357 1358 bis
1365 1299 1541 1378 loeisuestigia
1549 1301 1605 1378 vulg

662 1388 779 1457 eredita,
790 1376 859 1469 xquae
870 1388 981 1465 poetica
997 1401 1053 1445 arte
1064 1386 1174 1446 traditi
1187 1386 1235 1445 vix
1247 1401 1383 1466 poterant,
1405 1404 1435 1447 ut
1455 1390 1605 1447 AEnariamn

652 1478 775 1554 fidama
788 1480 897 1554 statione
915 1485 1025 1535 navium
1036 1479 1137 1536 AEneae
1156 1475 1312 1553 distamap.
1339 1476 1410 1536 Plin.
1433 1477 1485 1548 III,
1509 1477 1557 1536 δί’.
1585 1497 1605 1537 1:

662 1567 742 1649 Qrid
757 1571 768 1625 i
793 1566 868 1647 quod
880 1566 949 1625 adeo
961 1567 996 1647 ad
1007 1565 1159 1624 Sardiniam
1173 1565 1310 1644 Trojanos
1324 1565 1447 1625 nonnulii
1459 1581 1570 1626 veterum
1583 1569 1605 1626 dt

660 1659 821 1728 duxerant3
842 1674 938 1733 parum
950 1654 1041 1721 done,
1066 1668 1143 1731 puto,
1163 1668 1243 1711 etex
1262 1654 1333 1712 Iolai
1351 1656 1470 1722 nomine,
1484 1655 1518 1714 de
1529 1670 1605 1735 quot

660 1746 762 1806 Iabulae
773 1745 805 1803 in
818 1743 949 1805 Sardinia
962 1741 1114 1822 originibus
1126 1742 1269 1809 habentur,
1286 1738 1415 1824 opinione
1431 1744 1527 1803 duna:
1558 1747 1605 1804 Pau·

662 1834 708 1905 X,
725 1852 776 1913 17,
784 1854 812 1913 p.
828 1836 887 1912 837
898 1846 966 1890 extr.

703 1924 840 1982 Caeterum
854 1937 926 1980 totus
938 1922 985 1979 ille
996 1920 1099 1979 littoris
1112 1920 1211 1977 matius
1224 1919 1323 1979 fabulis
1337 1920 1433 1998 priscis
1444 1920 1587 1982 inclaruit:

661 2026 741 2073 tanto
764 2011 851 2090 magis
875 2017 959 2088 poeta
982 2010 1069 2068 noster
1090 2008 1232 2086 decerpere
1254 2009 1289 2066 de
1311 2011 1346 2067 iis
1365 2009 1490 2069 nonnihil
1513 2027 1607 2088 potuer

662 2102 732 2160 Non
746 2101 827 2180 longe
839 2120 856 2157 a
870 2099 965 2158 Caieta
978 2099 1089 2156 aberant
1109 2095 1235 2164 Formiae,
1248 2097 1451 2175 Laestrygonum
1462 2098 1606 2160 ferorumb

662 2190 782 2259 minum,
806 2188 855 2267 qui
875 2206 957 2246 carne
979 2188 1096 2244 humana
1116 2185 1189 2243 vesci
1215 2186 1347 2259 solebant,
1372 2190 1446 2248 sedes
1464 2189 1499 2249 ab
1519 2189 1606 2249 Home

661 2279 830 2339 nobilitatae:
853 2276 924 2335 unde
941 2276 1012 2334 adeo
1036 2275 1105 2333 Silio
1133 2274 1217 2342 VIII,
1246 2295 1298 2354 53¹
1322 2295 1431 2358 regnata
1449 2280 1529 2338 Lamo
1548 2283 1606 2339 Can

660 2370 797 2428 dinaei,
838 2366 901 2425 Nec
922 2365 992 2422 male
1011 2361 1130 2420 Ovidius
1152 2361 1224 2421 Met.
1252 2363 1339 2434 XIV,
1366 2372 1419 2446 158
1436 2366 1497 2445 sqq.
1516 2387 1601 2428 unum

661 2458 762 2537 Ulyffis
774 2456 864 2524 sociis,
886 2455 1056 2519 Macareum,
1082 2449 1246 2529 superstitem
1267 2453 1297 2509 in
1317 2455 1359 2512 his
1373 2455 1442 2514 locis
1452 2455 1534 2514 finxit
1551 2459 1607 2518 AEn

661 2564 817 2607 occurrere:
839 2543 885 2601 etfi
898 2538 1093 2601 Achemenidis
1103 2538 1133 2596 in
1143 2539 1298 2618 Cyclopum
1307 2557 1385 2601 antro
1395 2543 1484 2602 relidi
1494 2565 1528 2602 ex
1542 2544 1592 2605 lib.
1605 2546 1608 2604 1

591 2671 594 2675 f
661 2634 788 2700 AEneidis
800 2632 951 2710 exemplum
966 2627 1074 2688 Nasoni
1094 2643 1157 2687 ante
1169 2631 1264 2688 oculos
1284 2631 1361 2691 suiiie
1371 2633 1454 2691 facile
1466 2633 1607 2712 intelligin

662 2727 710 2785 Est
723 2721 861 2783 autemad
874 2738 964 2778 rerum
975 2718 1058 2776 fidem
1069 2716 1148 2777 valde
1159 2720 1410 2790 accommodatum,
1436 2721 1529 2779 adhuc
1545 2722 1607 2800 Tro

662 2833 762 2873 notum
775 2809 943 2887 temporibus
961 2807 1084 2865 homines
1104 2803 1175 2863 fetos
1194 2822 1222 2864 et
1243 2808 1484 2888 anthropophagos
1498 2809 1607 2870 Italiaei

661 2903 746 2970 tibus,
765 2900 877 2959 lacubus
889 2913 917 2955 et
941 2896 1051 2976 ignibus
1063 2895 1250 2965 subterraneis,
1263 2897 1382 2956 horridae
1394 2898 1457 2956 loca
1469 2899 1569 2958 saitem
1584 2921 1607 2957 n

662 2992 738 3050 nulla
758 2987 927 3055 inhabittffe.
968 2985 1046 3045 Hinc
1059 2997 1087 3044 et
1110 2982 1182 3044 Caci
1204 2982 1344 3047 memoria.
1374 2986 1418 3047 cf,
1437 2986 1477 3043 ad
1497 2986 1552 3047 lib.
1579 2988 1607 3061 V

664 3080 783 3147 Excurs.
798 3078 838 3141 II.
1423 3078 1429 3100 ’

669 3199 673 3206 ·
702 3173 786 3231 Circes
802 3167 921 3250 rusulum,
940 3185 1021 3246 quam
1045 3164 1199 3224 adeundam
1212 3168 1261 3224 effe
1274 3166 1395 3235 Helenus
1412 3168 1472 3245 jam
1487 3166 1607 3246 praedirn

664 3252 725 3333 (dib.
748 3258 803 3324 III,
826 3260 882 3332 386
903 3258 972 3315 Ante
982 3271 1008 3313 et
1020 3285 1060 3300 ·-
1071 3255 1203 3333 AEaeaequs
1213 3256 1297 3334 insula
1307 3256 1392 3315 Circes
1404 3255 1580 3333 Ιιψναπᾰα),

662 3349 750 3425 magis
770 3346 971 3426 pretermittere
983 3343 1078 3403 debuit
1097 3351 1190 3422 poeta,
1210 3364 1275 3404 cum
1287 3344 1335 3403 illa
1346 3345 1467 3404 heroicis
1480 3347 1607 3424 tempori

662 3451 804 3513 tantopere
815 3434 916 3493 fabulis
928 3435 1098 3512 frequentata
1109 3446 1137 3489 et
1148 3432 1284 3496 celebrata
1299 3433 1373 3502 esset,
1395 3433 1530 3512 inprimis
1546 3435 1586 3491 ab
1602 3436 1607 3492 ]

663 3543 739 3591 mero
751 3523 852 3599 ouyu‘
868 3553 892 3582 κ.
913 3521 1021 3581 Circeii
1032 3520 1143 3599 quidem
1156 3533 1250 3578 notum
1262 3521 1299 3578 est
1313 3519 1388 3579 Latii
1402 3521 1607 3599 promontoriu

666 3617 807 3676 Homerus
828 3628 919 3670 tamen
937 3626 1027 3670 narrat
1039 3613 1074 3669 de
1085 3630 1130 3679 eo,
1154 3623 1290 3688 tamquam
1302 3611 1339 3673 de
1356 3609 1455 3671 insula.
1501 3613 1607 3672 Circeii

664 3702 750 3764 Plinii
763 3699 853 3762 verbis
864 3716 924 3758 utar
938 3705 947 3773 (
951 3699 1000 3759 lib.
1015 3698 1071 3768 III,
1086 3717 1115 3777 5,
1128 3698 1178 3777 9),
1197 3698 1280 3777 insula
1290 3701 1412 3778 quondam
1424 3706 1550 3778 immenso
1570 3725 1607 3780 qu

662 3801 733 3853 mari
751 3791 914 3857 circumdata,
941 3803 969 3846 ut
980 3789 1090 3845 creditur
1101 3787 1217 3863 Homero,
1237 3803 1342 3846 arnunc
1356 3786 1469 3865 planitie
1494 3788 1555 3865 (cf.
1572 3789 1607 3846 II

662 3883 685 3942 f.
701 3881 767 3961 87).
807 3876 883 3937 Nata
895 3876 961 3939 hinc
983 3874 1092 3952 opinio,
1109 3875 1217 3952 aggesta
1228 3872 1373 3935 fluminum
1385 3875 1496 3933 alluuie
1509 3889 1607 3946 terra,

661 3970 748 4031 sulam
761 3965 909 4047 aliquando
923 3964 1023 4024 fastam
1033 3964 1083 4021 effe
1094 3961 1298 4033 continentem
1329 3983 1357 4021 v.
1378 3962 1581 4041 Theophrast.
1596 3966 1607 4021 I

664 4060 754 4118 Plant.
766 4058 815 4128 V,
828 4076 859 4134 9,
884 4074 965 4133 quem
977 4055 1068 4115 locum
1091 4050 1195 4111 Plinius
1213 4050 1336 4129 expreflit
1349 4051 1370 4112 I.
1384 4072 1411 4111 c.
1453 4051 1529 4113 Nec
1542 4055 1607 4111 mu]

665 4147 772 4210 diffidet
805 4147 880 4222 quod
900 4145 991 4203 Varro
1009 4141 1171 4209 tradiderat,
1193 4154 1250 4198 ute
1263 4140 1356 4199 Servio
1370 4142 1405 4199 ad
1418 4141 1474 4202 lib.
1504 4140 1574 4211 ΠΙ,
1605 4205 1607 4216 Ι

664 4233 736 4309 VII,
757 4252 794 4303 ro
806 4232 932 4304 discitur,
941 4231 1021 4298 ruine
1041 4230 1142 4297 Circen
1160 4228 1288 4301 insulam,
1309 4231 1431 4297 nondum
1451 4228 1607 4307 fieeatisl
