3966 4920
646 374 731 519 nr
913 342 1366 470 incursusss

645 593 818 666 armifer,
837 614 888 674 pro
907 615 976 674 pane
996 596 1038 654 rel
1063 596 1198 673 placenta,
1215 616 1278 675 quae
1296 589 1391 674 priscis
1403 591 1561 652 hominibus
1575 594 1611 671 pl

642 704 714 763 pant
734 702 803 756 etat,
824 706 908 766 genui
928 685 1086 763 exquisitius
1108 689 1211 751 aridiore
1229 701 1276 743 aut
1288 686 1418 765 τραπέζας
1427 687 1558 747 murtelac
1578 702 1611 761 pu

643 789 739 846 κτείς
765 777 812 835 ersr
835 776 880 833 vel
902 774 938 832 fic
961 775 1015 833 alia
1039 764 1186 837 difficultas
1204 791 1306 846 manet,
1332 779 1407 855 quod
1431 795 1487 835 aon
1510 780 1611 836 monol

642 874 782 927 'baurim
792 865 841 923 illa
854 862 1004 931 didas&
1018 866 1163 925 ivror'lrnra.
1204 862 1302 941 Neque
1323 880 1413 937 autem
1432 865 1501 922 adeo
1523 864 1612 943 lmprd

644 953 737 1013 babile
755 954 798 1022 lit,
808 953 891 1010 etiam
905 949 959 1008 stne
976 951 1171 1010 vocabulorum
1183 950 1277 1009 sonive
1289 951 1385 1011 fraude
1396 952 1433 1011 ad
1444 955 1536 1031 apium
1548 971 1612 1032 pauo

644 1039 690 1100 scu
711 1042 847 1119 placentas
870 1037 972 1097 deduci
991 1039 1114 1115 potuisse.
1154 1037 1208 1097 Fac
1233 1038 1310 1098 fuisse
1330 1043 1461 1119 aliquem,
1482 1042 1543 1120 qul,
1564 1060 1612 1099 cur

644 1132 787 1191 oraculum
797 1128 914 1197 omnino
930 1127 1134 1205 pronuntiaret,
1154 1128 1228 1188 seder
1240 1129 1299 1189 sore
1309 1149 1344 1188 eo
1361 1131 1436 1199 loco,
1456 1145 1512 1209 qno
1526 1130 1613 1189 menti

641 1217 883 1283 effentabsumruri
902 1216 1030 1293 Trojani‚
1053 1233 1101 1277 aut
1131 1239 1195 1277 curn
1219 1219 1259 1277 rei
1279 1234 1402 1288 eventus,
1423 1239 1479 1278 aon
1492 1219 1613 1278 declarat

643 1308 708 1369 satir
721 1309 826 1367 rarione
838 1329 869 1366 ac
889 1307 986 1375 ruodo,
1005 1323 1127 1364 narratus
1143 1308 1217 1373 effer,
1236 1321 1266 1364 ut
1287 1326 1303 1364 a
1324 1302 1505 1384 Lycophroue
1525 1307 1613 1367 ludina

646 1397 741 1459 rideas
763 1417 793 1455 v.
826 1413 1027 1474 raro-1253,
1052 1394 1183 1455 dedudior
1208 1394 1343 1472 Trojtoor
1368 1395 1397 1453 in
1420 1396 1526 1455 Itrliaru
1550 1395 1614 1454 etit

452 1468 456 1475 ’
580 1498 583 1502 ·
644 1486 731 1547 urba
755 1485 913 1557 recubantes
937 1484 1087 1552 extrueret,
1114 1500 1145 1543 ut
1169 1484 1306 1562 vagum
1330 1484 1417 1556 rain
1450 1483 1549 1564 quidni
1574 1506 1614 1565 pa

643 1577 742 1637 mutis
752 1575 861 1635 dederit
881 1573 976 1633 herbas
993 1572 1063 1631 cibit
1084 1573 1244 1633 substratas?
1263 1594 1380 1653 cumque
1394 1594 1438 1633 eas
1461 1574 1529 1654 ipsae
1546 1577 1614 1636 effin

645 1665 803 1735 comesturi,
828 1683 913 1744 genus
933 1665 986 1721 tale
1008 1680 1109 1741 ponere
1134 1662 1240 1731 debuit,
1265 1665 1339 1741 quod
1362 1664 1443 1723 edule
1467 1665 1528 1723 eliet
1548 1679 1577 1722 et
1596 1663 1615 1722 ir

643 1753 744 1819 talibus
770 1754 839 1815 locis
861 1752 993 1830 frequens.
1033 1751 1103 1809 Tale
1125 1766 1215 1810 autern
1242 1752 1336 1843 apium
1351 1753 1420 1822 elle,
1444 1772 1525 1812 nemo
1544 1752 1615 1811 facil

644 1842 768 1922 ignorat,
788 1842 839 1901 nifi
852 1841 934 1903 verba
947 1840 1016 1901 forte
1030 1859 1060 1898 ac
1074 1839 1153 1899 sonos
1175 1836 1279 1899 discere
1300 1838 1332 1900 ac
1350 1856 1440 1900 tenere
1459 1842 1614 1905 consueveri

646 1933 761 1997 notione
780 1934 856 1993 nulla
875 1930 1005 2007 subjecra.
1044 1929 1120 1988 Natu
1132 1931 1342 1991 condonandum
1363 1933 1399 1990 rst
1412 1931 1467 1991 viri
1483 1930 1616 1992 doffiffirn

646 2023 791 2101 elegantia}
807 2021 881 2100 quod
902 2022 973 2080 inter
993 2037 1089 2078 caetera
1109 2019 1216 2098 posuit:
1239 2023 1264 2077 V
1262 2024 1342 2098 idfiin
1355 2025 1491 2100 quidquam
1510 2025 1616 2100 inficetia

646 2128 695 2177 aar
708 2111 839 2179 ridiculum
850 2115 957 2188 magis?
980 2109 1100 2188 Trojanos
1109 2124 1156 2184 pro
1172 2112 1259 2187 menstr
1279 2109 1370 2187 apium
1391 2109 1537 2187 adbibussn
1554 2127 1616 2190 atqu

646 2205 807 2285 eademque&
818 2223 882 2258 more
892 2199 1035 2275 Astnorum,
1048 2203 1117 2275 vesci
1130 2204 1240 2276 poruffi.
1280 2197 1347 2255 Non
1361 2199 1491 2277 assequor,
1503 2198 1569 2277 quid
1581 2199 1617 2258 ill

648 2291 749 2355 dehac
763 2286 995 2369 planta'statuerit.
1036 2287 1091 2345 Etsi
1109 2287 1182 2347 enim
1201 2286 1258 2365 apii
1275 2302 1374 2347 nomen
1393 2287 1475 2349 latiur
1492 2302 1577 2367 parer,
1598 2309 1617 2348 e

645 2382 782 2443 incertum
802 2379 849 2446 est,
863 2377 941 2454 quale
952 2376 1007 2453 apii
1019 2395 1103 2454 genui
1114 2392 1228 2435 veterum
1246 2385 1331 2453 aprum
1351 2377 1394 2443 srr,
1416 2396 1480 2435 cura
1496 2376 1545 2434 rlii
1561 2395 1617 2437 cun

646 2468 799 2530 Matthiolo
808 2463 978 2544 petroselinum
990 2465 1120 2531 nostrum,
1140 2463 1188 2521 alii
1200 2466 1316 2523 nostrum
1331 2465 1419 2543 Celery
1431 2465 1461 2523 id
1474 2465 1618 2525 habendurr

648 2564 700 2622 esse
724 2563 839 2619 statuant
866 2562 969 2629 (orrum
996 2554 1089 2632 apium
1114 2555 1152 2612 in·
1168 2555 1291 2634 AEgypto
1316 2556 1343 2615 se
1366 2557 1487 2635 reperille
1512 2556 1617 2634 Alpina

649 2673 703 2713 rer.
727 2652 841 2726 AEgypr.
863 2646 921 2715 III,
940 2665 971 2724 9,
992 2668 1020 2723 p.
1048 2648 1100 2721 158
1124 2646 1268 2713 afferebat3
1288 2660 1345 2703 erat
1359 2648 1393 2704 de
1406 2667 1440 2707 eo
1451 2646 1572 2707 narratio
1584 2666 1618 2725 ap

652 2740 877 2815 Theopompum,
907 2734 957 2791 lib.
970 2732 1043 2790 VIII
1060 2732 1219 2810 Philippic„
1239 2750 1269 2792 ut
1289 2755 1323 2793 ex
1342 2735 1466 2794 Theonis
1484 2736 1618 2815 Progymn

651 2846 671 2887 2
695 2825 846 2902 intelligo),
865 2838 954 2882 manet
975 2837 1065 2881 tamen
1086 2822 1151 2890 hoc,
1175 2823 1248 2881 inter
1268 2822 1360 2883 edulia
1379 2823 1450 2883 illud
1471 2822 1558 2883 firiffe.
1599 2823 1618 2882 S

649 2934 741 2979 ramea
763 2914 862 2972 fabulae
882 2912 968 2970 caulla
986 2926 1013 2968 et
1037 2911 1108 2969 ratio
1129 2932 1145 2969 a
1166 2912 1309 2970 verborum
1322 2913 1380 2973 lusu
1394 2913 1546 2973 revocanda
1557 2913 1618 2972 effer

598 3042 600 3051 ·
650 3007 757 3090 potiore
781 3006 845 3062 loco
868 3001 994 3060 haberem
1021 2999 1153 3060 Fabricii·
1170 3002 1205 3060 ad
1231 3001 1351 3059 Dionem
1375 3003 1569 3079 conjediuram,
1595 3022 1618 3061 e:

651 3095 849 3179 permutatione
869 3112 966 3152 vocum
989 3102 1071 3162 τῆλις,
1095 3093 1170 3169 quod
1189 3093 1296 3151 ioeaurn
1319 3093 1561 3172 gracum,‹filicia
1582 3095 1618 3152 cll

653 3191 727 3249 uude
740 3189 832 3247 τήλινον
850 3183 895 3241 vel
909 3186 1000 3245 σήλινον
1014 3186 1111 3261 inrogo
1131 3183 1249 3252 dictum,
1267 3197 1313 3241 ant
1326 3183 1398 3242 forte
1408 3203 1450 3240 rx
1466 3203 1535 3241 vocc
1554 3187 1618 3245 roni

651 3281 696 3339 rel
717 3281 808 3342 σηλιά,
830 3295 889 3353 quae
914 3274 1044 3352 pistorum
1066 3293 1129 3331 arca
1150 3273 1193 3331 vel
1216 3273 1307 3330 tabula
1331 3272 1508 3331 frumentaria
1530 3274 1579 3343 est,
1600 3274 1618 3332 ir

609 3367 613 3373 ’
651 3373 742 3428 σέλινον
764 3366 882 3443 aliquem
902 3362 1034 3422 indiciffe.
1074 3363 1139 3430 Sed,
1163 3376 1193 3419 ut
1214 3361 1347 3429 diximus,
1370 3361 1465 3419 aliena
1482 3360 1581 3419 sunta
1604 3383 1618 3419 r

652 3459 721 3521 tales
734 3455 865 3532 argutiae3
886 3474 935 3511 nec
951 3474 990 3511 res
1003 3452 1070 3510 tanti
1083 3454 1130 3520 eli,
1150 3466 1180 3508 ut
1202 3451 1306 3509 diutius
1317 3448 1344 3510 ei
1364 3451 1503 3510 inhaerear.
1542 3452 1619 3512 Nobi

569 3543 572 3549 ⁴
652 3546 688 3605 de
699 3547 788 3623 poirae
799 3541 889 3620 copiis
902 3540 1022 3599 instituta
1039 3556 1094 3601 erat
1107 3539 1267 3617 disputatio.

691 3635 817 3692 Alterum
839 3629 1009 3709 prodigium,
1032 3629 1106 3707 quod
1128 3628 1257 3704 Trojanis
1277 3626 1307 3684 in
1331 3645 1400 3683 nova
1412 3641 1484 3701 terra
1496 3628 1618 3705 obiee'lur

650 3728 718 3799 fuit,
734 3728 770 3785 est
782 3723 824 3783 sus
836 3743 899 3781 cum
913 3722 1003 3779 XXX
1018 3720 1140 3778 loetibus.
1160 3741 1186 3778 v.
1209 3716 1293 3787 VIII,
1316 3721 1348 3776 81
1367 3717 1443 3795 sqq.;
1466 3718 1561 3776 fabula
1572 3721 1619 3797 qui

652 3819 716 3877 dem
729 3813 800 3874 nihil
812 3831 860 3890 per
872 3812 898 3869 se
910 3810 1010 3867 habens
1022 3811 1064 3867 vel
1076 3808 1231 3885 dignitatis,
1252 3807 1295 3864 vel
1307 3804 1455 3875 suavitatis,
1475 3827 1531 3885 qua
1543 3823 1618 3867 tame:

651 3905 778 3966 vinalia
802 3902 872 3960 inter
898 3898 1035 3956 Romanas
1059 3897 1176 3973 origines
1201 3893 1370 3952 celebratior.
1410 3893 1487 3953 Narra
1513 3896 1617 3954 Lavini

652 3996 795 4055 condendo
819 3991 906 4057 locus,
933 4003 961 4045 et
987 3988 1044 4065 post
1074 3984 1168 4042 XXX
1205 4004 1288 4041 annos
1320 3984 1486 4043 deducenda
1517 3986 1618 4045 coloni

577 4124 581 4131 ι
651 4084 736 4147 Albae
761 4084 865 4159 Longae
892 4093 1007 4156 ternpus,
1028 4073 1064 4132 ab
1086 4095 1120 4132 eo
1141 4075 1243 4132 ostentu
1267 4073 1325 4150 peti
1349 4073 1462 4133 solebat.
1509 4074 1618 4134 Vetusta

651 4164 707 4241 tem
727 4172 785 4252 ipsa
804 4171 923 4228 declarat
945 4164 1081 4226 immundi
1101 4163 1245 4224 animantis
1267 4164 1502 4237 commemoratio,
1524 4164 1618 4227 abele

651 4265 776 4357 gratiore
799 4278 856 4318 aevo
881 4257 1036 4317 abhorrens.
1078 4252 1203 4313 Omnino
1214 4250 1303 4332 prisca
1322 4251 1403 4312 ltalia
1425 4272 1537 4333 magnos
1554 4252 1618 4311 suut

787 4349 807 4409 6
1002 4402 1008 4413 ,
1541 4362 1618 4425 gregr
