3608 4914
664 403 738 494 426
795 398 836 469 P.
874 380 1158 505 VIRG1L11
1208 373 1403 463 MARO

667 591 887 692 Languentis
904 596 1036 693 pelagi,
1053 612 1088 666 et
1102 591 1271 664 brevibus
1292 589 1328 661 se
1345 615 1403 662 cre

668 734 737 811 Per
755 763 867 809 remos
882 737 953 808 alii.
1006 724 1212 829 Speculatus
1231 726 1340 801 litora
1359 731 1403 802 T:

670 865 848 966 Qa'vada
860 888 930 935 nou
943 862 1085 967 spirant,
1098 887 1163 934 nec
1177 863 1285 936 fratta
1297 872 1403 935 retr't‘u

670 1002 738 1075 Sed
757 1023 853 1071 mare
870 996 1080 1068 inoffensum
1097 996 1268 1069 crescenti
1286 993 1403 1068 adiab

706 1214 762 1265 291.
775 1200 861 1268 spirant
872 1198 1000 1265 secundum
1015 1198 1098 1257 Rom.‚
1112 1196 1216 1261 aliosque
1232 1196 1379 1246 vetustiores
1398 1200 1403 1245 i

672 1278 718 1326 dic.
732 1281 836 1344 duosque
848 1268 921 1336 Vols„
937 1284 980 1325 rtet
992 1292 1041 1325 non
1058 1278 1095 1325 ed.
1104 1265 1185 1340 Junt.;
1203 1276 1264 1324 adde
1277 1277 1362 1326 Colot.
1377 1290 1403 1326 et

675 1356 725 1418 Jul.
740 1355 805 1415 Sub„
815 1353 927 1401 Heinfitta
938 1354 1044 1417 recepit3
1054 1354 1127 1419 spirat
1138 1368 1192 1400 am.
1203 1368 1240 1416 pr.
1254 1364 1315 1401 tert.
1330 1355 1403 1401 Rottt

674 1446 722 1494 qua
741 1447 792 1479 non
811 1431 898 1494 sperat,
913 1429 993 1476 locunt
1008 1428 1053 1476 effe
1073 1429 1199 1476 vadosum:
1217 1428 1242 1476 id
1253 1428 1320 1493 quod
1334 1427 1402 1476 alien

675 1507 736 1554 olim
758 1523 854 1570 quoque
871 1508 970 1573 sperant,
995 1506 1033 1554 tui
1052 1504 1195 1570 praeferebat
1210 1505 1285 1571 sperat
1309 1506 1400 1554 Serviu

673 1584 730 1631 libri
754 1596 786 1641 et,
810 1584 851 1646 qui
872 1584 990 1630 familiam
1012 1583 1087 1641 ducit,
1112 1584 1243 1631 Romanus.
1270 1583 1366 1649 superat
1386 1584 1403 1628 F

675 1660 798 1727 nonnullae
810 1676 849 1722 ap.
868 1656 932 1709 Pier.
968 1659 1013 1707 Sed
1023 1659 1109 1726 spirant
1122 1658 1205 1707 Heius.
1223 1658 1326 1707 illustrat
1338 1659 1369 1706 ad
1380 1656 1403 1706 fa

675 1737 744 1785 rimis
755 1736 821 1795 locis,
833 1736 858 1783 in
868 1736 954 1800 quibus
964 1737 1080 1784 sententia
1091 1736 1223 1800 plurimum
1235 1737 1265 1784 ab
1280 1737 1326 1784 hoc
1340 1735 1398 1784 loco

675 1815 741 1863 enirn
753 1813 785 1861 est
798 1813 903 1872 aestuare,
914 1815 1025 1864 inflatum
1043 1814 1098 1872 effe,
1116 1814 1203 1862 fluetus
1214 1831 1320 1880 movere,
1332 1814 1403 1881 napum

678 1883 726 1950 ,⁸327
739 1889 856 1936 vidimus:
867 1891 988 1956 fervetque
992 1893 1060 1956 fretis
1071 1890 1203 1958 spirantibus
1215 1908 1296 1956 aequor‚
1313 1889 1355 1937 ubi
1375 1891 1401 1937 al

657 1983 721 2031 =prn
737 1967 951 2031 interpretamento
969 1967 1015 2015 est:
1033 1968 1114 2014 Etiam
1130 1967 1155 2016 h.
1169 1967 1187 2014 l.
1200 1966 1310 2015 nonnulli
1322 1966 1403 2013 Pieria

677 2040 787 2106 exempla
798 2041 864 2089 dabit
877 2042 958 2094 Heius.
976 2044 1015 2092 hic
1027 2044 1090 2093 etad
1102 2045 1193 2107 Georg.
1210 2042 1226 2092 l.
1239 2042 1255 2092 l.
1289 2045 1348 2090 Mox
1356 2043 1403 2108 fro

678 2118 734 2170 teet.
744 2136 782 2184 pr.
794 2118 887 2168 Hamb.

677 2304 739 2343 eum
763 2286 883 2364 proferto
895 2307 966 2357 nunc
979 2307 1033 2345 non
1046 2307 1142 2366 expec-
1190 2283 1294 2345 aditum
1320 2305 1395 2344 mare

678 2377 786 2429 tarunt:
821 2364 866 2421 sed
887 2363 948 2433 sunt
970 2365 1023 2424 loca
1048 2368 1143 2441 vadosa
1190 2362 1403 2435 darenanfra&

678 2438 789 2509 littoris,
802 2461 857 2498 non
868 2440 993 2518 abrupta,
1004 2442 1048 2499 sed
1058 2443 1143 2499 decli·
1191 2440 1292 2498 declivi
1315 2440 1403 2518 impin

679 2515 736 2583 via,
749 2517 778 2583 itt
795 2518 892 2594 quibus
914 2517 1043 2576 deficiunt
1056 2534 1143 2592 extre·
1192 2517 1364 2587 concitatam,
1389 2539 1403 2575 u

680 2593 720 2651 mi
750 2594 854 2652 fluetus.
907 2607 1022 2664 returrit,
1047 2596 1142 2665 currit,
1192 2609 1219 2651 et
1231 2594 1316 2670 ipsum
1325 2595 1403 2651 solun

679 2672 829 2748 procurrit,
867 2674 935 2728 adeo
973 2674 1067 2730 fluctus
1099 2693 1145 2750 per
1192 2672 1403 2730 acretinaculoh

679 2766 809 2823 magnum
839 2768 924 2805 arenae
954 2749 1087 2826 spatium
1122 2751 1168 2806 is„
1193 2767 1299 2825 quoque
1320 2760 1372 2807 tem
1395 2770 1403 2807 <

679 2824 767 2888 locus,
791 2824 839 2899 qui
852 2824 909 2880 fere
921 2864 922 2867 κ
932 2825 961 2881 iu
978 2822 1084 2884 sinuosis
1097 2827 1144 2884 lit·
1192 2825 1283 2882 salutis
1294 2823 1338 2901 spe
1360 2771 1403 2902 ait]

679 2901 864 2976 torumplagis
873 2902 922 2957 effe
932 2902 1010 2971 solet,
1022 2905 1057 2960 est
1066 2927 1147 2962 recur-
1192 2902 1279 2959 fatere
1308 2901 1403 2959 volunt,

671 2980 718 3051 fias
725 2976 815 3055 pelagi
823 2978 967 3055 languentis
977 3001 988 3035 .·
1011 2992 1038 3036 et
1051 2984 1144 3039 eadem
1191 2997 1225 3051 co
1252 2978 1349 3036 littore.
1391 2980 1403 3036 (

682 3052 929 3112 suntbreviascf.
955 3055 1149 3132 sup.I,111.¹
1192 3054 1321 3121 XXVII,
1354 3076 1390 3132 39

680 3129 722 3198 V,
745 3150 826 3206 221„
850 3131 918 3187 Non
941 3148 1027 3190 autem
1052 3134 1143 3191 animo
1193 3153 1234 3188 res
1245 3132 1360 3188 succedit
1383 3154 1400 3189 c

680 3206 885 3276 dimittendum,
898 3208 942 3285 agi
958 3209 1014 3266 haec
1029 3210 1056 3267 in
1067 3211 1143 3273 ostiis
1191 3208 1313 3265 limosum
1326 3207 1403 3267 solun

681 3283 803 3352 Tiberis,
827 3285 874 3340 ubi
895 3306 968 3342 mare
990 3280 1042 3343 sese
1061 3282 1145 3345 infert
1193 3286 1353 3342 Tarchontis
1379 3309 1403 3344 n,

680 3361 850 3436 aliquantum
863 3361 981 3430 flumini,
995 3364 1144 3421 turbaturu-
1192 3386 1240 3419 non
1249 3368 1358 3438 spirant,
1385 3385 1401 3421 a

680 3455 744 3513 que,
766 3456 792 3493 et
805 3452 885 3493 vento
906 3440 1015 3497 adverso
1030 3441 1145 3519 spirante
1192 3439 1279 3497 nullos
1295 3438 1387 3498 fluctus

680 3506 815 3577 idatium,
839 3514 956 3570 retundit
978 3517 1076 3579 flumen
1101 3539 1147 3575 ve·
1193 3515 1305 3590 scopulis
1323 3536 1376 3573 non
1402 3565 1403 3573 ,

680 3590 767 3656 niens,
792 3602 821 3645 et
843 3588 913 3645 intra
934 3588 998 3649 ostia
1017 3595 1066 3649 late
1092 3598 1144 3651 im*-
1191 3592 1276 3649 tentes
1299 3590 1403 3669 scopulc

680 3668 808 3737 mittitur.
849 3686 914 3740 290.
930 3670 1066 3726 Perremos
1079 3673 1145 3727 alii:
1192 3673 1303 3742 crescenti
1330 3675 1403 3746 cestu,

679 3743 882 3800 assumendum:
905 3746 981 3801 teriae
998 3746 1024 3801 se
1036 3748 1145 3804 credere
1193 3748 1253 3802 aestu
1273 3746 1348 3802 maris
1368 3766 1403 3807 ret

679 3811 766 3884 saum
796 3819 885 3886 tentis,
910 3820 959 3896 pto
985 3822 1073 3881 contis
1099 3824 1145 3879 lit·
1193 3820 1272 3879 licet:
1293 3842 1324 3879 ne
1335 3824 1368 3880 de
1383 3848 1403 3883 n

678 3898 737 3953 tore
751 3890 850 3963 infixis,
874 3899 971 3973 qttibus
984 3899 1044 3955 nixi
1055 3900 1085 3957 in
1098 3902 1144 3958 lit·
1192 3901 1287 3974 pestate
1297 3914 1383 3957 moto:
1397 3910 1403 3960 t

673 3969 883 4050 *tusprnfiliunt
1193 3975 1272 4031 latius
1295 3977 1370 4034 maris
1398 3985 1403 4040 l

719 4069 784 4124 290.
807 4050 936 4107 Tarchon
951 4066 1033 4110 mora:
1058 4052 1144 4129 impa·
1190 4051 1281 4108 locum
1293 4051 1403 4116 littorisi

678 4125 756 4189 tiens,
785 4126 828 4181 uel
853 4148 915 4184 cum
941 4129 1049 4185 natium
1071 4130 1143 4206 peri·
1190 4144 1296 4204 gentem
1315 4149 1403 4208 accepe

678 4201 910 4274 tolosan-molli,
934 4224 986 4283 qua
1011 4206 1045 4264 ad
1066 4207 1143 4267 littus
1191 4218 1253 4267 caut
1273 4206 1297 4267 se
1308 4208 1332 4268 e't
1344 4209 1395 4274 lato
