3782 4894
670 390 744 507 475
811 385 853 503 e.
889 384 1174 462 vinctim
1227 385 1480 467 Manum

673 584 711 657 Si
727 608 797 679 qua
813 583 923 656 fidem
939 598 1039 654 tanto
1054 582 1103 655 est
1119 583 1220 678 operi
1230 582 1343 657 latura
1359 589 1480 662 vetusta

671 721 759 794 Non
775 719 953 816 equidem,
970 740 1034 790 nec
1052 734 1097 802 te,
1111 712 1253 812 juvenis
1269 721 1478 795 memorand

672 852 689 925 l
694 854 741 924 lle
755 852 885 950 pedem
901 848 1064 936 referens,
1089 865 1125 919 et
1138 847 1286 938 inutilis,
1311 849 1417 948 inque
1433 853 1481 951 lig

522 1008 528 1029 ·
621 1043 625 1056 .
675 991 845 1078 cedebat,
860 990 1049 1086 clipeoque
1059 987 1251 1061 inimicum
1262 988 1385 1062 hastile
1400 992 1481 1064 trah«

673 1124 1004 1225 Prorupitjuvenis,
1027 1122 1168 1219 seseque
1180 1124 1362 1198 inmiscuit
1379 1127 1481 1201 armis

673 1261 824 1357 Jamque
840 1257 1058 1356 adsurgentis
1074 1258 1197 1359 deutra
1212 1256 1428 1358 plagamque
1447 1260 1479 1334 se

676 1404 802 1473 AEneae
813 1395 921 1469 subiit
936 1418 1158 1483 mucronem,
1182 1394 1369 1493 ipsumque
1386 1422 1482 1470 mora

673 1529 847 1604 Sustinuit
853 1564 863 1613 ;
891 1529 978 1602 socii
990 1553 1123 1640 magno
1137 1528 1291 1609 clamore
1307 1529 1482 1627 sequuntur

673 1669 774 1743 Dum
791 1667 932 1766 genitor
948 1667 1019 1739 nati
1036 1690 1161 1763 parma
1176 1668 1357 1772 protectus
1372 1668 1481 1741 abiret

709 1897 767 1950 792.
785 1884 889 1936 Videtur
905 1900 935 1934 ex
952 1879 1071 1934 Serviania
1088 1879 1182 1937 laciniit
1197 1879 1279 1947 colligi
1294 1881 1369 1949 posse,
1383 1882 1483 1941 lestutn,

674 1964 791 2031 quafider.
825 1965 867 2011 An
875 1961 970 2009 uersum
980 1956 1043 2008 male
1054 1955 1178 2022 expletum
1188 1956 1367 2020 arbitrabimur,
1381 1971 1409 2009 ut
1415 1977 1479 2011 nunc

676 2040 711 2090 est
722 2057 760 2107 pr.
771 2039 863 2090 Hamb.
877 2047 901 2086 et
912 2035 976 2104 parti
987 2035 1050 2085 l‘ier.
1060 2033 1253 2100 eodd.--793.
1270 2040 1323 2087 Non
1339 2037 1441 2105 equidm,
1455 2038 1483 2088 lie

674 2132 734 2168 nam
743 2126 824 2184 parter
831 2112 955 2166 ientcutiae
965 2111 1005 2162 ha
1015 2126 1023 2161 t
1044 2114 1097 2162 Nor
1106 2111 1200 2177 equidem
1198 2112 1266 2179 fllelu
1275 2114 1310 2162 bic
1325 2116 1395 2162 nortis
1404 2116 1466 2164 dure

674 2213 705 2244 η.
711 2198 860 2260 j.-.-794.
878 2205 943 2258 atque
952 2190 1033 2256 ligatur
1042 2198 1091 2238 ttet
1101 2188 1185 2241 nuru.
1195 2204 1251 2238 cum
1268 2189 1344 2241 Goth.
1357 2200 1483 2242 terte-¹

671 2270 801 2341 pleucios.
814 2265 1134 2332 eaomauoadopuveratr
1155 2265 1177 2315 iu
1196 2282 1254 2317 vero
1275 2270 1380 2335 Prorupit
1394 2268 1476 2328 babet,

675 2345 986 2414 namioquiturimiscu1‘13
1014 2344 1061 2401 hoc
1071 2344 1147 2411 igitur
1157 2361 1220 2396 utine
1230 2345 1417 2401 emendavimus.
1448 2350 1483 2397 Vt

672 2428 805 2497 poloquod
814 2424 1185 2492 fugiendaestmoninpugnam
1194 2426 1464 2493 prodeuntium-797.
1480 2422 1484 2478 i

675 2522 734 2556 eum
744 2506 827 2554 Servio
838 2514 894 2553 ante
905 2501 1002 2560 licini,
1018 2501 1092 2566 quije
1103 2502 1196 2552 Medic.
1216 2504 1280 2553 Gud.
1293 2516 1317 2554 et
1328 2521 1372 2571 pro
1382 2506 1434 2557 div.
1445 2505 1484 2556 led

674 2580 747 2647 (adde
759 2580 835 2632 Goth.
844 2582 914 2648 tert.)
923 2578 1028 2645 reposuit
1037 2578 1124 2638 lextra,
1138 2591 1167 2629 ut
1177 2579 1206 2630 fit
1215 2583 1322 2650 affugere
1334 2584 1421 2642 uarro,
1435 2585 1467 2634 ud

675 2675 736 2726 gere
746 2674 820 2708 manu
829 2657 930 2708 elevata.
960 2656 1070 2706 lnRom.
1083 2658 1335 2717 eratdeatrara,miuut
1343 2661 1484 2711 concinne.-

589 2756 594 2763 ·
674 2739 717 2809 igit
729 2734 818 2784 Medic.
848 2733 1480 2808 monusuv.udvt1,161.-799·uagaosocti

675 2902 711 2960 lis
728 2902 812 2979 pietas
824 2899 896 2979 apud
916 2899 1028 2959 Graecoa
1046 2906 1142 2980 po'etas
1188 2902 1242 2960 hoc
1254 2902 1349 2961 affetlu
1363 2904 1393 2963 in
1405 2902 1481 2961 homi

678 2979 744 3038 inde
766 2998 781 3037 a
801 2999 816 3035 c
837 2977 915 3037 elicis
927 2993 954 3038 et
966 2977 1078 3057 tragicis
1089 2978 1144 3038 suit
1188 2980 1244 3038 lam
1264 2980 1326 3039 talia
1357 2980 1484 3040 humanit

676 2999 890 3115 celebratilima.
944 3055 999 3115 Vel
1029 3055 1143 3115 Pindari
1188 3056 1260 3135 spem
1285 3058 1484 3118 defefecerat

674 3135 760 3193 Oden
772 3133 816 3190 VI
837 3132 945 3210 Pythie.
963 3134 1035 3193 vide.
1076 3133 1142 3193 Hoc
1189 3159 1240 3214 qua
1263 3153 1327 3193 veru
1346 3155 1396 3195 as:
1431 3156 1481 3213 pro

674 3226 748 3271 cette
757 3211 928 3289 probabilius
938 3210 1051 3280 dixeris,
1060 3232 1141 3290 quam
1190 3211 1264 3270 dieta
1320 3212 1339 3271 e'
1353 3212 1454 3283 debct3
1475 3234 1484 3270 a

675 3289 751 3368 quod
776 3287 912 3348 historiam
950 3289 985 3347 dc
1011 3288 1141 3367 Scipione
1186 3290 1484 3369 nonexpodiripotest:

673 3367 810 3425 Africano
822 3386 884 3423 eum
898 3364 1036 3443 respexille
1053 3366 1141 3426 aiunt.
1186 3366 1316 3426 rioraetaa
1335 3368 1418 3427 fidem
1442 3369 1484 3426 hal

676 3443 711 3500 Iu
723 3444 777 3500 hoc
787 3462 854 3500 vero
865 3449 955 3520 po'e'tae
965 3462 1078 3501 acumen
1090 3445 1141 3503 ob·
1187 3443 1266 3501 Laufi
1291 3442 1387 3523 pietati
1407 3461 1436 3505 et
1453 3445 1484 3502 vi

674 3517 774 3579 fervori
786 3519 1142 3655 velim,quodtantamfie-
1187 3535 1218 3579 ut
1239 3524 1305 3598 ἔςγοι
1324 3542 1374 3600 pro
1386 3521 1481 3580 fucino

674 3591 757 3654 tatem
768 3594 865 3653 tribuit
878 3596 935 3653 filio
949 3596 1068 3655 hominis

673 3687 702 3731 et
715 3671 817 3749 injusti,
830 3673 958 3749 quodque
965 3674 1037 3731 hunc
1050 3673 1138 3753 ipsunt
1185 3680 1259 3736 deme
1266 3675 1455 3756 nullumquam
1462 3678 1484 3735 ol

673 3766 789 3828 patrem,
809 3749 947 3808 bominem
972 3751 1010 3807 im
1029 3749 1088 3809 ium
1111 3767 1139 3810 et
1184 3758 1272 3835 iustas.
1313 3775 1381 3833 794.
1409 3755 1484 3812 inuti)

671 3827 811 3896 odiosum,
849 3842 951 3885 natutae
981 3831 1077 3886 aeilu
1110 3844 1138 3887 et
1183 3830 1360 3900 debilitatus3
1382 3846 1412 3890 ut
1426 3833 1484 3889 Seri

674 3922 771 3962 amore
790 3905 820 3962 in
845 3904 932 3962 filium
957 3905 1138 3965 mollissimum
1184 3907 1222 3965 sc.
1246 3908 1335 3976 hastae,
1354 3929 1416 3987 quae
1425 3909 1484 3986 clip

672 3980 814 4039 exhibuit:
837 3996 868 4038 ut
885 3981 960 4041 enim
974 3980 1004 4039 in
1015 3983 1137 4063 tragicis,
1185 3984 1215 4042 in
1227 3984 1328 4064 inguen
1348 4001 1484 4064 penetrata

672 4061 713 4114 ita
724 4077 796 4115 nunc
813 4059 842 4116 in
860 4059 938 4137 epica
951 4059 1000 4117 bac
1013 4063 1137 4139 persona,
1185 4062 1261 4120 locut
1280 4063 1315 4120 de
1341 4064 1484 4143 Sarpedon

671 4148 752 4193 tarto
775 4134 864 4214 magia
878 4156 1021 4205 movemur
1031 4138 1139 4218 pietatis
1185 4139 1252 4218 664.
1266 4141 1334 4222 665.
1373 4144 1415 4200 At
1427 4143 1484 4204 AEn

1091 3597 1141 3655 aevi
1187 3598 1258 3658 illud
1271 3599 1414 3658 Ciceronis
1423 3619 1473 3678 pro
