3450 4964
462 395 779 483 AEueruos,
818 395 936 482 tiu.
974 394 1064 468 ΧΠ.
1161 338 1232 497 εςι

248 582 419 658 Abstulit
429 586 512 659 ense
528 561 648 679 caput}
672 599 905 674 truncumque
920 556 1060 672 reliquit
1075 595 1202 649 arenae.

275 708 282 789 ,’
303 721 430 816 Atque
442 745 483 792 ea
497 719 592 792 dum
603 714 856 809 campisvidlor
867 714 927 783 dat
939 704 1229 791 sunera'Turnust

250 850 398 926 Interea
413 852 553 922 AEnean
572 848 771 921 Mnestheus
788 862 824 916 et
835 845 925 916 fidus
937 844 1087 915 Achates

253 981 502 1077 Ascqniusque
512 1003 634 1053 comes
650 981 764 1052 castris
774 981 919 1052 statuere
935 993 1129 1060 cruentum,
1160 978 1229 1070 3⁸5

254 1116 425 1215 Altemos
442 1117 548 1211 longa
565 1115 740 1184 nitentem
754 1111 898 1206 cuspide
913 1107 1054 1205 gressus.

258 1247 385 1334 saevit,
408 1262 444 1316 et
460 1245 616 1318 infrabia
630 1243 779 1314 luctatur
794 1241 959 1313 arundine
974 1237 1084 1307 telum

256 1377 420 1470 Eripere,
443 1374 650 1465 auxilioque
660 1371 764 1454 viam,
787 1341 867 1462 quae
880 1368 1049 1460 proxima,
1071 1367 1205 1461 poscit:

258 1507 359 1580 Ense
374 1503 487 1574 secent
502 1491 729 1583 lato‘volnus,
751 1497 882 1592 telique
898 1495 1067 1565 latebram
1253 1483 1256 1490 ’

260 1633 480 1706 Rescindant
493 1618 655 1722 penitusj
664 1626 796 1720 seseque
803 1626 841 1696 in
852 1625 943 1694 bella
959 1625 1148 1696 remittant.
1163 1643 1235 1720 390

266 1762 422 1855 Jamque
435 1755 555 1827 aderat
571 1736 708 1823 Phoebo
723 1770 802 1822 ante
816 1753 900 1822 alios
915 1751 1060 1823 dilectus
1076 1750 1171 1844 Iapis

275 1971 280 1977 -
305 1935 365 1997 382.
380 1939 473 2000 rednquit
483 1941 543 1986 Ven.
556 1943 583 1982 et
593 1931 683 1996 aliquot
691 1933 753 1983 Pier.
771 1949 855 1979 ·arenae
874 1932 1001 1981 secundum
1011 1933 1134 1998 plerosque
1146 1931 1236 1981 Pieria·

273 2026 323 2058 nos
333 2021 357 2057 et
368 2011 499 2073 complure·
516 2011 569 2056 suot
586 2007 673 2069 recepit
690 2006 807 2064 Heinsius,
821 2017 942 2070 tamquam
953 2008 1085 2070 exquisitius
1101 2009 1243 2073 (preiverae

274 2091 361 2133 tamen
371 2088 395 2130 e't
405 2084 430 2130 in
441 2084 494 2139 hoc,
508 2093 535 2129 ut
546 2081 573 2128 in
582 2079 711 2127 innumeris
722 2081 923 2128 emendationibus
941 2081 1081 2140 Heinfianis,
1106 2081 1237 2130 Commeli·

274 2157 352 2204 niana
366 2157 466 2222 edium:
483 2155 572 2217 vulgo:
590 2171 661 2211 arena,
678 2155 741 2216 quod
752 2155 872 2201 Romanus
881 2155 1088 2215 tuetur.-·.·-385.
1104 2157 1240 2217 Ascaniusque

270 2243 331 2295 puer
341 2233 470 2288 Romauuq
485 2230 548 2292 quod
556 2226 663 2293 prae'sero.
688 2226 820 2275 ¹Accedunt
831 2229 852 2275 ei
861 2229 939 2292 Bigot·
948 2239 973 2277 et
981 2230 1057 2276 Goth.
1065 2230 1109 2277 sec.
1120 2241 1144 2278 et
1155 2234 1239 2278 Dona·

183 2358 188 2369 Ι
276 2317 326 2352 tue.
359 2302 686 2366 comerfriget.·-389.secet
696 2302 852 2351 Medium.
864 2318 901 2365 pr.
931 2305 1020 2349 latebras
1041 2304 1133 2352 Medic.
1153 2301 1240 2355 etalii
1276 2340 1280 2347 .

276 2376 361 2425 Heius.
374 2392 428 2426 cum
439 2377 504 2424 Goth
512 2377 557 2426 sec.
569 2387 593 2424 et
602 2379 780 2437 tert'.--391.
799 2378 889 2438 Jamque
898 2388 943 2423 erat
951 2387 998 2422 ante
1007 2379 1058 2421 alios
1065 2378 1132 2425 Leid.
1165 2376 1240 2425 Phasi

252 2451 429 2500 ·E1c.Burm.
459 2454 544 2499 delemus
565 2450 629 2500 Gud.
663 2451 790 2518 Moriapr's
799 2448 1047 2513 vulg'ataeratledlio.
1078 2452 1116 2497 Sic
1127 2451 1238 2500 codicum

277 2537 349 2585 paese
366 2534 393 2568 ut
404 2533 451 2570 tres
462 2521 574 2571 Gotbani.
606 2525 676 2584 Iapyx
686 2521 793 2568 Heinsiue
802 2525 890 2586 recepit
900 2524 1054 2571 vetustiorum
1070 2524 1152 2587 utique
1171 2522 1239 2571 codi-

279 2611 336 2643 cum
346 2597 495 2646 audloritate.
526 2597 622 2645 Rationi
633 2608 712 2644 tamen
723 2596 748 2643 in
766 2598 900 2645 nominibus
910 2597 1013 2662 propriis
1021 2596 1075 2659 plue
1083 2598 1237 2646 tribuendum

281 2672 394 2728 arbitror,
409 2683 433 2719 et
442 2671 518 2736 lapsus
535 2674 646 2735 proclivio
664 2683 722 2729 eret,
739 2684 793 2720 cum
803 2676 871 2738 Iapyx
882 2674 961 2721 notior
968 2673 1025 2720 esset
1035 2673 1144 2723 librariis.
1177 2677 1240 2739 sapia

276 2749 407 2807 dirnomen
418 2745 480 2793 haud
491 2744 562 2795 dubie
571 2746 743 2795 accomodatius
753 2747 852 2804 medico,
866 2762 936 2809 quam
951 2744 1045 2808 Iapygis
1054 2762 1082 2793 ex
1094 2749 1182 2811 Apulia
1192 2763 1235 2811 pe·
1330 2782 1333 2787 »

247 2812 253 2819 “
277 2820 364 2869 titum:
382 2829 405 2865 et
414 2819 469 2866 facit
480 2819 647 2869 audorimtem
659 2819 776 2866 Ausonius
786 2821 810 2865 in
822 2822 991 2883 epigrammate
1002 2821 1074 2877 XIX,
1089 2824 1153 2884 quod
1163 2823 1238 2870 corri-

276 2908 333 2957 gere
342 2892 435 2940 volebat
446 2896 468 2939 H
470 2893 568 2944 elnsluer
583 2900 668 2944 ldmona
685 2897 737 2956 quod
744 2906 820 2948 vatem,
837 2899 928 2942 medicum
945 2897 998 2957 quod
1010 2896 1085 2955 sapida
1094 2886 1168 2955 dsunt,
1184 2900 1240 2961 Dlfi

196 3009 201 3017 .
275 2967 345 3015 tendas
355 2969 648 3051 argegnominapraevmuq.
681 2967 756 3015 Ludit
770 2971 843 3034 poeta
858 2968 882 3014 in
895 2980 992 3030 etymo:
1020 2964 1060 3012 sed
1077 2980 1104 3016 ut
1124 2964 1239 3036 lapyqem

762 3098 771 3135 ο
1212 3061 1242 3094 01

276 3188 350 3247 conf.
368 3191 443 3269 supra
456 3192 512 3261 XI,
525 3201 689 3278 691-693,
707 3208 735 3252 et
782 3192 908 3270 dignatur
946 3193 1088 3252 hominum
1117 3194 1237 3272 perfidia,

274 3263 315 3322 ibi
329 3262 395 3329 Var.
408 3270 480 3327 [est.
782 3271 938 3336 exardescit,
957 3268 1058 3345 quoda
1078 3288 1166 3346 pugna
1179 3275 1237 3331 abs.

316 3344 380 3412 383.
401 3342 482 3398 Redit
494 3348 531 3404 ad
544 3350 660 3408 AEneam
677 3344 736 3401 vul·
783 3345 911 3410 trahitur:
946 3344 1002 3419 ipse
1031 3342 1113 3398 telum
1136 3346 1239 3416 tradat,

274 3426 406 3482 uerutum,
424 3418 499 3492 cujus
511 3426 693 3485 curationem,
706 3431 736 3473 ut
783 3416 939 3475 labefasbal:
959 3417 1044 3474 frusto
1052 3417 1128 3492 ligno
1141 3424 1238 3495 poscit,
1308 3440 1311 3457 ‘

272 3497 362 3564 epicum
373 3497 478 3564 po'e'tam
486 3494 611 3567 decebat,
623 3490 740 3555 mirabili
784 3506 815 3546 ut
832 3493 937 3551 vulnere
955 3490 1084 3564 ampliato
1096 3493 1240 3554 ferramen-

274 3565 340 3639 modo
354 3572 459 3639 fariam
491 3576 616 3648 exponit.
672 3567 738 3640 386.
785 3578 842 3621 tum
864 3567 1008 3624 exsecetur.
1061 3567 1161 3625 Omnia
1183 3574 1239 3630 haec

274 3639 402 3695 nitentem
416 3644 535 3718 (quoad)
550 3644 739 3726 greffusaltet·
785 3640 819 3695 ad
831 3642 929 3698 nostros
947 3639 1034 3697 sensus
1053 3649 1239 3702 accommoda.

274 3731 321 3769 nos
340 3712 458 3790 cuspide,
490 3721 567 3798 ἔγχει
590 3721 741 3797 lenidruim,
758 3774 769 3787 ‚
785 3712 864 3783 tiora,
890 3733 969 3791 quam
1012 3730 1052 3769 uae
1073 3716 1107 3771 de
1128 3719 1238 3776 Glauco
1325 3776 1328 3784 ,

276 3787 392 3853 alternis,
409 3808 473 3846 cum
486 3794 572 3856 altero
582 3797 652 3874 pede
665 3793 739 3847 clau·
786 3785 919 3846 Homerus
943 3733 1024 3844 nial.
1040 3811 1072 3853 rr,
1093 3795 1146 3864 508
1167 3793 1236 3868 sqq„

275 3861 388 3926 dicaret,
406 3864 518 3924 vulnere
530 3873 560 3930 in
572 3875 691 3931 femore,
710 3877 740 3919 ut
786 3861 830 3918 sed
842 3863 988 3920 Homerica
994 3862 1117 3937 propiora
1129 3866 1188 3922 sunt
1199 3868 1236 3923 ad

275 3933 413 4010 probabile
433 3938 475 4004 sit,
506 3962 628 4023 accepto.
673 3941 738 4023 3⁸l·
786 3937 1042 3994 naturae'veritatem.

277 4011 369 4075 saevu.
389 4010 471 4079 Bene,
488 4017 739 4096 inquitServ.‚-v.1·
823 4029 872 4097 39¹
895 4010 952 4088 sqq.
971 4008 1053 4083 lapis,
1070 4009 1119 4067 lafi
1139 4010 1173 4079 f.,
1192 4011 1236 4070 in-

277 4079 678 4172 rofortisetratdigniratem:
698 4084 740 4143 iu·
783 4083 893 4160 ducitur
921 4084 1043 4161 exemplo
1077 4085 1257 4215 Machaqqriea

1145 4178 1180 4216 vu
1209 4180 1239 4217 ut
