3966 4920
617 356 702 430 AD
741 349 1004 425 LIBRUM
1040 349 1120 425 VII.
1287 372 1350 448 133

434 547 509 609 tiebat
525 551 551 610 se
567 546 723 627 camposnm
741 548 868 628 planities,
894 546 922 605 in
941 567 994 626 qua
1012 546 1139 626 equestris
1162 566 1252 626 pugna
1272 547 1352 607 sade.

433 636 462 692 Iu
472 638 572 696 eosdem
585 637 855 716 descendebutagmen
867 636 996 714 pedestre,
1014 657 1075 697 eum
1096 636 1131 694 ad
1151 635 1245 695 urbem
1257 654 1354 715 appro-

430 723 582 801 pinquaret:
602 725 653 790 XI,
672 743 820 803 903-907.
858 725 956 783 Castris
973 725 1013 783 ibi
1028 724 1118 802 positio
1130 723 1284 790 alterodie,
1302 724 1355 783 foe-

432 810 491 868 dere
511 828 539 870 et
556 813 693 873 certamine
717 813 836 892 singulari
855 814 926 872 inter
944 815 1070 875 Turnum
1092 829 1120 873 et
1131 814 1358 873 AEueamstustra

430 901 574 966 consituto,
591 900 754 959 tumultuaria
766 902 881 960 exoritur
891 919 1002 979 pugna3
1021 922 1101 980 quarn
1114 921 1178 964 cum
1188 902 1219 961 in
1228 915 1358 960 neutram

430 1002 528 1062 partem
540 989 654 1051 inclinati
663 989 879 1057 videretAEneas,
897 991 982 1050 subito
994 1006 1099 1069 partem
1110 991 1254 1051 exercitus'
1263 989 1298 1050 ad
1309 1010 1358 1050 ut·
1390 1054 1395 1059 ,

431 1073 696 1155 bemoppugnandum
708 1079 841 1137 admovet.
879 1079 1005 1139 Tandem
1027 1079 1057 1138 in
1077 1080 1171 1140 eadem
1192 1098 1360 1159 camporum

433 1160 532 1235 planitie
543 1183 698 1224 concurrunt
707 1168 814 1227 Turnus
824 1182 851 1225 et
863 1168 958 1228 AEueas
972 1189 1064 1247 pugna
1080 1170 1159 1235 sabla,
1179 1190 1238 1248 quae
1259 1168 1362 1229 AEnei-

432 1247 609 1313 detnabsolvit.
647 1255 668 1310 F
672 1254 728 1332 ugit
736 1256 817 1315 srasio
827 1255 886 1315 ense
899 1259 1024 1317 Turnus:
1043 1259 1170 1321 inclusum
1180 1262 1205 1318 se
1215 1259 1291 1319 videt
1300 1280 1359 1317 un-

434 1335 503 1414 <lique
513 1360 529 1396 a
541 1360 635 1399 corona
648 1340 826 1418 spesiantium.
865 1347 945 1423 Atque
956 1347 1014 1405 hinc
1031 1352 1109 1426 vasta
1118 1349 1192 1424 palus
1204 1350 1262 1407 hinc
1270 1352 1364 1410 ardua

434 1432 513 1483 mania
525 1434 620 1506 cingunt
631 1428 696 1493 XII,
715 1451 777 1509 745.
818 1432 924 1492 Scilicet
935 1434 977 1492 hae
998 1434 1057 1492 sunt
1065 1436 1168 1511 paludes
1181 1438 1364 1506 Lauinum

434 1511 461 1567 ad
474 1515 560 1575 urbem
569 1516 802 1594 usqueproduuae:
821 1520 1053 1600 quibus'Laurens
1074 1525 1119 1583 hic
1140 1528 1237 1583 tra'slus
1257 1525 1364 1584 etiam-

423 1619 483 1663 -uun
495 1605 618 1668 inviuset
630 1605 829 1668 inaccessusest:
850 1612 921 1671 idem
934 1629 1026 1673 tamen
1043 1616 1115 1692 apris
1133 1617 1269 1693 frequens,
1288 1637 1368 1694 quos

433 1690 497 1749 toties
507 1694 591 1770 pnite
601 1713 755 1756 memorant.
775 1718 801 1756 v.
811 1701 922 1759 Cluver.
932 1724 962 1781 p.
975 1704 1040 1762 886.
1055 1709 1121 1783 887.
1160 1707 1277 1784 Vulpius
1294 1707 1315 1765 l.
1335 1729 1374 1768 c.·

432 1794 454 1850 p-
464 1781 503 1857 36.
543 1782 579 1841 Et
588 1781 620 1839 de
632 1783 664 1841 iis
674 1782 728 1859 ipse
738 1788 819 1845 Maro
830 1789 878 1847 lib.
893 1791 928 1857 X,
943 1810 994 1869 ¹07
1008 1793 1066 1868 sqq.
1076 1808 1147 1869 aper,
1167 1815 1247 1872 quem
1260 1797 1369 1867 multos

431 1876 500 1926 anuos
526 1870 632 1943 defendit
649 1869 725 1944 palus
745 1874 892 1942 Laurentia,
902 1878 981 1953 filva
997 1883 1084 1955 pastus
1106 1886 1253 1941 arundinea.
1293 1886 1370 1951 Erat

429 1949 501 2030 igitur
519 1955 632 2033 paluster
649 1956 693 2015 hic
716 1963 812 2020 nauus
833 1964 923 2039 passum
945 1964 1014 2025 stlvis
1037 1969 1167 2031 consutus:
1196 1972 1236 2031 uti
1249 1972 1368 2034 omnino

429 2061 545 2122 magnam
558 2044 617 2120 agri
629 2047 785 2108 Laurentini
804 2066 909 2127 partem
918 2045 998 2130 ‘stiva
1019 2040 1174 2121 Laulentina
1198 2063 1376 2140 occupabat..

428 2133 511 2193 Latius
536 2148 626 2191 tumen
647 2155 679 2192 eu
696 2138 889 2215 antiquioribus
910 2143 1076 2219 temporibus
1096 2149 1243 2223 procedere
1257 2152 1367 2215 debuit.

426 2221 513 2291 inest,
534 2222 573 2279 de
591 2242 641 2298 qua
659 2224 705 2283 lib.
719 2228 762 2285 lV
775 2247 802 2284 v.
819 2233 868 2304 381
890 2231 947 2307 sqq.
962 2232 1129 2308 accipiendi:
1151 2237 1294 2317 Silvafuit
1306 2241 1364 2304 late

423 2315 489 2370 dunis
502 2328 584 2389 atque
594 2312 647 2370 ilice
659 2321 734 2393 nigra
750 2319 872 2376 Horrida.
912 2324 965 2378 Per
977 2321 1024 2379 has
1038 2323 1134 2399 fugam
1146 2327 1266 2387 faciebat
1278 2330 1305 2387 N
1308 2329 1367 2393 isus

422 2401 499 2459 castris
510 2400 629 2477 egressus
639 2402 671 2460 ad
684 2403 810 2462 interiora
822 2406 882 2464 loca
894 2407 983 2467 versus
997 2424 1101 2468 montes
1120 2414 1253 2482 Albanos,
1272 2431 1300 2474 et
1315 2420 1371 2496 qui

419 2486 551 2554 issubest,
572 2488 658 2547 lacum
672 2493 815 2559 Albanum,
834 2496 868 2552 ad
881 2515 962 2573 quem
976 2497 1089 2558 Latinus
1099 2519 1223 2567 armenta
1236 2519 1295 2567 tutu
1308 2505 1365 2570 hu.

419 2575 511 2636 bebat:
541 2573 612 2633 ibid.
626 2597 676 2655 337
690 2581 728 2658 sq.
763 2626 766 2631 ,

445 2668 470 2721 Α
483 2667 628 2722 Laurento
639 2665 700 2725 stad
711 2668 840 2729 orientem
848 2673 940 2749 paullo
953 2673 1069 2736 altiuain
1086 2677 1285 2739 mediterranea
1296 2701 1368 2760 pto-

416 2754 533 2816 tesseras.
557 2751 604 2808 Ill
618 2753 649 2810 M
662 2760 780 2832 passuum
793 2778 809 2817 a
821 2761 899 2828 mari,
919 2764 977 2839 post
989 2765 1046 2823 haec
1055 2779 1179 2844 tempora
1188 2769 1215 2828 in
1223 2760 1378 2837 editotoco'

417 2841 557 2898 lavinium
568 2837 603 2895 ab
613 2841 697 2903 AEnea
707 2846 758 2904 fuit
770 2850 924 2909 conditum:
944 2852 1002 2910 urbs
1020 2869 1045 2910 et
1053 2862 1136 2928 promi
1150 2881 1168 2917 a
1181 2854 1294 2918 Lauinl
1302 2887 1369 2922 moe.
1385 2888 1386 2897 ¹

417 2932 451 2984 nia
460 2927 514 2983 lib.
532 2926 560 2989 1,
581 2932 643 3001 25⁸·
682 2933 750 2990 Tria
769 2934 816 2992 ista
837 2938 958 3013 passuum
980 2938 1065 2996 millia
1083 2943 1372 3017 redeuntadXXlV

416 3014 501 3079 stadia,
522 3031 587 3088 quae
599 3013 692 3078 Strabo
700 3020 748 3078 lib.
756 3023 795 3088 V,
804 3045 833 3101 p.
849 3047 863 3101 3
868 3027 972 3103 5oBet
985 3028 1097 3104 Dionys.
1109 3031 1136 3096 1,
1157 3033 1191 3109 56
1201 3053 1370 3100 memorant.
1437 3090 1443 3102 .

418 3101 440 3159 A
458 3105 557 3160 Roma
580 3099 671 3164 aberat
690 3111 773 3169 millia
793 3115 912 3190 passuum
933 3116 998 3173 XX.
1038 3117 1098 3174 Sita
1111 3120 1174 3177 urbs
1188 3122 1228 3179 inl
1241 3127 1306 3200 λόώῳ
1322 3132 1374 3188 niul

419 3206 458 3265 ap.
474 3187 596 3267 Dionys·
610 3191 635 3255 Ι,
648 3217 698 3273 45,
715 3199 769 3258 stve
781 3203 857 3261 collis
866 3204 889 3261 is
900 3204 964 3267 fuit,
982 3204 1074 3280 inquo
1086 3225 1157 3267 nunc
1173 3209 1203 3266 S.
1224 3214 1375 3277 Petronellae

414 3283 504 3355 fanum
519 3277 570 3347 est,
591 3296 616 3334 v·
628 3280 736 3346 Cluuer.
752 3309 780 3365 p.
796 3295 862 3367 894,
882 3290 927 3348 seu
941 3309 994 3348 non
1006 3293 1087 3367 longe
1098 3294 1132 3349 ab
1145 3294 1198 3354 hoc
1210 3298 1272 3357 loeo
1283 3302 1376 3373 collis,

421 3366 460 3442 qui
474 3383 552 3423 nunc
565 3364 649 3428 Mente
661 3375 687 3435 di
695 3375 799 3441 Levana
809 3379 970 3454 appellatur.
1009 3377 1052 3436 Ita
1061 3380 1214 3447 Holllenius
1223 3386 1375 3452 statuebat:

423 3453 543 3526 nvup.
559 3450 579 3506 l·
589 3449 609 3504 l·
621 3471 646 3525 p.
659 3476 688 3531 3¹
704 3475 731 3520 et
742 3463 789 3521 86.
826 3463 935 3522 Ibidem
957 3465 1004 3523 alii
1021 3485 1071 3544 pro
1084 3483 1176 3526 vetere
1189 3473 1308 3536 Lavinio
1326 3476 1378 3532 ha.

344 3602 348 3608 ,
423 3537 535 3597 buerunt
556 3537 710 3627 oppidulum
736 3553 846 3615 Raurica
869 3554 915 3611 vel
928 3555 1050 3620 Prema,
1068 3555 1140 3633 quod
1154 3558 1225 3623 Mla
1242 3561 1380 3636 pasiusab

427 3646 453 3684 eo
465 3625 538 3684 colle
550 3623 629 3694 abest.
670 3633 703 3691 Iis
717 3640 832 3715 Vulpius
845 3640 971 3699 hasienus
989 3642 1172 3700 accedendum
1185 3645 1328 3709 statuebat,
1349 3666 1381 3709 ut
1446 3658 1449 3665 '

429 3713 462 3769 ibi
473 3714 543 3770 lucus
555 3710 642 3769 Passis
650 3722 692 3777 vel
703 3725 784 3797 Jovis
797 3729 921 3804 Indigetis
929 3729 1002 3793 fuisse
1013 3730 1156 3798 videatut3
1175 3734 1226 3789 esse
1243 3732 1318 3788 enim
1328 3751 1382 3789 no·
1425 3734 1429 3743 '

430 3815 484 3853 men
497 3815 514 3852 ἃ
525 3797 607 3851 Pam
615 3798 739 3884 h¹(ligete
748 3815 873 3873 duslum:
893 3837 943 3882 nee
959 3819 1041 3896 longe
1059 3818 1146 3874 abesse
1160 3818 1266 3876 fontem
1275 3818 1382 3877 Numi·

432 3884 464 3947 ei,
483 3884 517 3939 ²11
528 3902 606 3957 quem
616 3887 759 3961 Lavinium
770 3907 847 3963 sutum
860 3905 934 3964 fuisse
949 3927 1003 3969 uno
1014 3926 1060 3964 ore
1073 3924 1168 3964 omnes
1186 3907 1309 3965 tradunt.
1345 3908 1382 3966 In

399 3978 403 3985 '
435 3973 499 4034 itanc
519 3971 608 4028 urbem
629 3976 709 4045 delati
731 3993 789 4053 sunt
807 3996 924 4053 Penatus
936 3994 1074 4068 Trojaoi:
1104 4010 1132 4045 v.
1146 3991 1203 4065 sup.
1217 3992 1276 4052 To.
1292 3994 1332 4061 ll,
1351 4016 1382 4071 p.

444 4080 504 4142 303,
521 4058 550 4116 iu
562 4059 696 4137 ediliffima
707 4083 781 4145 colli„
791 4094 880 4159 parte,
900 4098 929 4142 et
947 4082 1058 4166 quidem
1068 4076 1185 4137 Venen‘s
1206 4082 1227 4138 F
1230 4083 1299 4141 tutis
1312 4096 1385 4221 tellu-

1328 4185 1408 4244 1³0·-
